%% CMJ LaTeX Template - example Bibliography file
%%

@misc{Ano08,
	author={Anonymous},
	year={2008},
	note = {\emph{Reference suppressed for anonymity during peer review}} 
}

@article{AtDa04,
	author={Atig, M. and Dalmont, J.-P. and Gilbert, J.},
	title={Termination Impedance of Open-Ended Cylindrical Tubes at High Sound Pressure Level},
	year={2004},
	journal={Comptes Rendus M\'{e}canique},
	volume={332},
	pages={299--304}
}

@book{Bele68,
	author={Belevitch, V.},
	title={Classical Network Theory}, 
	year={1968},
	publisher={Holden Day},
	address={San Francisco}
}

@article{VeRo00,
	author={Vergez, C. and Rodet, X.},
	title={A New Algorithm for Nonlinear Propagation of Sound Waves: Application to a Physical Model of a Trumpet}, 
	journal={Journal of Signal Processing},
	year={2000},
	volume={4},
	pages={79--88}
}

@article{Zica02,
	author={Zicarelli, D.},
	title={How I Learned to Love a Program That Does Nothing},
	journal={Computer Music Journal},
	year={2000},
	volume={26},
	number={4},
	pages={44--51}
}

@inproceedings{Ther99,
	author={Theremin, L.},
	title={How To Build a Theremin},
	year={1999},
	booktitle={Proceedings of the 1999 International Computer Music Conference},
	pages={1--2},
	note= {San Francisco: International Computer Music Association}
}
