@string{dood = "Proc. Intl. Conf. on Deductive and Object-Oriented Databases (DOOD)"}
@string{edbt = "Proc. Intl. Conf. on Extending Data Base Technology"}
@string{icde = "Proc. IEEE Intl. Conf. on Data Engineering (ICDE)"}
@string{icdt = "Proc. Intl. Conf. on Database Theory"}
@string{icmc = "Proc. Intl. Computer Music Conference (ICMC)"}
@string{ifp = "Information Processing Letters"}
@string{infcont = "Information and Control"}
@string{jacm = "J. ACM"}
@string{jcss = "Journal of Computer and System Sciences"}
@string{pods = "Proc. ACM Symp. on Principles of Database Systems"}
@string{jcom = "Computer Journal"}
@string{popl = "Proc. ACM Symp. on Principles of Programming Languages"}
@string{stoc = "Proc. ACM SIGACT Symp. on the Theory of Computing"}
@string{sigmod = "Proc. ACM SIGMOD Symp. on the Management of Data"}
@string{sigir = "Proc. ACM Symp. on Information Retrieval"}
@string{oopsla = "Proc. ACM Conf. on Object-Oriented Programming Systems,
            Languages, and Applications"}
@string{vldb = "Proc.  Intl. Conf. on Very Large Data Bases (VLDB)"}
@string{cikm = "Proc.  Intl. Conf. on Information and Knowledge Management"}
@string{dexa = "Proc.  Intl. Conf. on Databases and Expert System Applications
          (DEXA)"}
@string{soco = "Software Computing"}
@string{ecdl = "Proc.  European. Conf. on Digital Libraries"}
@string{dafx = "Proc. Intl. Conf. on Digital Audio Effects (DAFx)"}

@string{er="Proc. Intl.Conf. on Conceptual Modeling"}
@string{acmgis="Proc. Intl. Symp. on Geographic Information Systems"}
@string{sdh = "Proc.  Intl. Symp. on Spatial Data Handling"}
@string{ssd = "Proc.  Intl. Conf. on Large Spatial Databases (SSD)"}
@string{sstd = "Proc.  Intl. Symp. on Spatial and Temporal Databases (SSTD)"}
@string{ssdbm = "Proc.  Intl. Conf. on Scientific and Statistical Databases (SSDBM)"}
@string{stdbm = "Proc.  Intl. Workshop on Spatiotemporal Databases (STDBM)"}
@string{bda = "Actes des Journées Bases de Données Avancées (BDA)"}
@string{www="Proc. Intl. World Wide Web Conference (WWW)"}
@string{ideas="Proc. Intl. Database Engineering and Applications
          Symposium (IDEAS)"}
@string{cidr="Proc. Intl. Conf. on Innovative Data Systems research (CIDR)"}

@string{cacm = "Comm. of the ACM"}
@string{tcs = "Theoretical Computer Science"}
@string{time = "International Symposium on Temporal Representation and Reasoning (TIME)"}
@string{tods = "ACM Trans. on Database Systems"}
@string{tkde = "IEEE Transactions on Knowledge and Data Engineering"}
@string{toois = "ACM Trans. on Office Information Systems"}
@string{compsurv = "ACM Computing Surveys"}

@string{ibmj = "IBM J. Research and Development"}
@string{sicomp = "SIAM J. on Computing"}
@string{infcont = "Inf. and Control"}
@string{jsc = "J. Symbolic Control"}
@string{ipl = "Inf. Proc. Letters"}
@string{jlp = "J. Logic Programming"}
@string{infsyst = "Inf. Systems"}
@string{lics = "Proc. IEEE Conf. on Logic in Computer Science"}
@string{icalp = "Proc. Intl. Conf. on Algorithms, Languages and
          Programming"}
@string{focs = "IEEE Conf. on Foundations of Computer Science"}
%@string{ismir= "Proc. Intl. Conf. on Music Information Retrieval (ISMIR)"}
@string{ismir= "Proceeding of International Conference on Music Information Retrieval (ISMIR)"}
@string{jcdl= "Proceedings of the Joint Conference on Digital Libraries (JCDL)"}

%BIBLIO PERSO


%%% A CLASSER

@inproceedings{raimond2007music,

  title={The Music Ontology.},

  author={Raimond, Yves and Abdallah, Samer A and Sandler, Mark B and Giasson, Frederick},

  booktitle={ISMIR},

  volume={422},

  year={2007},

  organization={Citeseer}

}

@online{Kanzaki03,

  author = {Masahide Kanzaki},

  title = {Music Vocabulary},

  year = 2003,

  url = {http://www.kanzaki.com/ns/music},

  urldate = {2016-10-28}

}

@online{metaBrainz,

  author = {Leigh Dodds},

  title = {MusicBrainz Metadata Vocabulary},

  year = 2004,

  url = {http://www.ldodds.com/projects/musicbrainz/schema/mb.html},

  urldate = {2016-10-28}

}
%%%%


          --  A  --

@InBook{A,
  author =  "K.R. Apt",
  title =   "Handbook of Theorical Computer Science",
  chapter =      "10 {L}ogic {P}rogramming",
  publisher =    "North Holland",
  year =     "1990",
  editor =   "J. Van Leeuwen",
  pages =    "493-574",
  volume =   "B"
}

@INPROCEEDINGS{Adams04timeseries,
    author = {Norman H. Adams and Mark A. Bartsch and Jonah B. Shifrin and Gregory H. Wakefield},
    title = "{Time series alignment for music information retrieval}",
    booktitle = ismir,
    year = {2004},
    pages = {303--311}
}

@InProceedings{AMW07,
          author = "Hamish Allan and Daniel Müllensiefen and Geraint A. Wiggins",
    title = "{Methodological Considerations in Studies of Musical Similarity}",
  booktitle = ismir,
          year = 2007
}

@article{Rigaux+12,
  author    = {Philippe Rigaux and
               Lylia Abrouk and
               H. Aud{\'{e}}on and
               Nadine Cullot and
               C. Davy{-}Rigaux and
               Zo{\'{e}} Faget and
               E. Gavignet and
               David Gross{-}Amblard and
               A. Tacaille and
               Virginie Thion{-}Goasdou{\'{e}}},
  title     = {The design and implementation of Neuma, a collaborative Digital Scores
               Library - Requirements, architecture, and models},
  journal   = {International Journal on Digital Libraries},
  volume    = {12},
  number    = {2-3},
  pages     = {73--88},
  year      = {2012}
}


@Book{AFS89,
  author =   "Serge Abiteboul and Patrick C. Fischer and Hans-J{\¨o}rg Schek",
  title =    "Nested Relations and Complex Objects",
  publisher =    "Springer-Verlag",
  year =     "1989",
  series =   "LNCS 361"
}

@InProceedings{AG87,
  author =  "Serge Abiteboul and St{\'e}phane Grumbach",
  title =    "A Logical Approach to the Manipulation of Complex
          Objects",
  booktitle =    "International Workshop on Theory and Applications of
          Nested Relations and Complex Objects",
  year =     "1987",
  address =      "Darmstadt",
  month =    "April",
  note =         "(Also in French in Troisi\`emes Journ\'ees Bases de
          Donn\'ees Avanc\'ees, Port-Camargue, May 1987)"
}

@InProceedings{AG88,
  author =  "Serge Abiteboul and St{\'e}phane Grumbach",
  title =    "{COL}: A Logic-Based Language for Complex Objects",
  booktitle =    "International Conference on Extending
          Data Base Technology",
  year =     "1988",
  OPTeditor =    "",
  pages =    "271-293",
  OPTorganization = "",
  publisher = "Springer Verlag",
  address =      "Venise",
  month =    "March",
  note =     "LNCS 303, (Also Workshop on Database Programming
          languages, Roscoff, September 1987)"
}


@Inproceedings{AG89,
     Author="Miklos Ajtai and Yuri Gurevich",
     Title="Datalog vs. first-order logic",
     Booktitle="30th IEEE Symp. on Foundations of Computer Science",
     Pages="142-146",
     Year="1989"
}


@Book{AH83,
  author =   "G. Alefeld and J. Herzberger",
  title =    "Introduction to Interval Computations",
  publisher =    "Academic Press",
  year =     1983
}

@Article{AH87,
  author =  "Serge Abiteboul and R. Hull",
  title =   "{IFO}: A formal semantic database model",
  journal =     " ACM Transactions on Database Systems",
  year =    "1987",
  volume =      "12",
  pages =   "525-565",
  month =   "Dec.",
  OPTnote =     "extended abstract in PODS 88"
}


@InProceedings{AH88,
  author =  "Serge Abiteboul and R. Hull",
  title =   "Data functions, Datalog and Negation",
  booktitle =   "Proc. ACM SIGMOD Conference on Management of Data",
  year =    "1988",
  pages =   "143-153"
}

@Book{AHV95,
  author =   "Serge Abiteboul and Richard Hull and Victor Vianu",
  title =    "Foundations of Databases",
  publisher =    "Addison-Wesley",
  year =     "1995"
}

@InProceedings{AGS97,
          author = "R. Agrawal and A. Gupta and S. Sarawagi",
          title = "{Modeling Multidimensional Databases}",
          booktitle = icde,
          year = 1997}

@InProceedings{AK89,
  author =   "S. Abiteboul and P. Kanellakis",
  title =    "{Object Identity as a Query Language Primitive}",
  booktitle =   "Proc. ACM SIGMOD Int. Conf. on Management of Data",
  year =     "1989",
  pages =        "159-173"
}



@InProceedings{APR98,
  author =      "L. Arge and O. Procopiuc and S. Ramaswami and T. Suel and
          J. Vitter",
  title =       "{Scalable Sweeping Based Spatial Join}",
  booktitle =   vldb,
  year =        "1998"
}


@InProceedings{APR00,
  author =      "L. Arge and O. Procopiuc and S. Ramaswami and T. Suel and
          J. Vahrenhold and J. Vitter",
  title =       "{A Unified Approach for Indexed and Non-Indexed Spatial Joins}",
  booktitle =   edbt,
  year =        "2000"
}



@Book{deBlomac94,
  author =       "F. de Blomac and R. Gal and M. Hubert and D. Richard and C. Tourret",
  title =        "{Arc/Info, Concepts et Applications en G\'eomatique}",
  publisher =    "Herm\`es",
  year =         "1994",
  OPTeditor =    "",
  volume =       "",
  series =       "",
  address =      "Paris",
  OPTedition =   "",
  OPTmonth =     "",
  OPTnote =      ""
}


% ex GV94,

@InProceedings{AS89,
  author =   "S. Abiteboul and E. Simon",
  title =    "Fundamental properties of deterministic and non
          deterministic Extensions of Datalog",
  booktitle =   "Proc. V\`{e}mes Journ\'{e}es Bases de Donn\'{e}es
          Avanc\'{e}es",
  year =     "1989",
  address =      "Geneve",
  month =    "sept.",
  note =         "to appear in Theoretical Computer Science"
}

@InProceedings{ASV90,
  author =  "S. Abiteboul and E. Simon and V. Vianu",
  title =    "Non-deterministic Languages to express Deterministic
          Transformations",
  booktitle =   "Proc. 9th ACM Symp. on Principles of Database Systems",
  year =     "1990",
  OPTeditor =    "",
  OPTpages =     "",
  OPTorganization = "",
  OPTpublisher = "",
  OPTaddress =   "",
  OPTmonth =     "",
  OPTnote =      ""
}

@InProceedings{AU79,
  author =   "A. V. Aho and J. D. Ullman",
  title =    "Universality of Data retrieval languages",
  booktitle =    "Proc. Symp. on Princ. of Programming Languages",
  year =     "1979"
}

%%% 1995


@InProceedings{AV87,
  author =  "S. Abiteboul and V. Vianu",
  title =   "A Transaction Language Complete for Database Update
         and Specification",
  booktitle =   "Proc. 6th ACM Symp. on Principles of Database Systems",
  year =    "1987",
  pages =   "260-268",
  month =   "March",
  note =    "To appear in JCSS"
}

@Article{AVi88,
  author =  "A. Aggarwal and J.S. Vitter",
  title =   "{The Input/Output Complexity of Sorting and Related Problems}",
  journal =   cacm,
  year =    "1988",
  pages =   "1116-1127",
  volume = 31,
            number = 9
}


@InProceedings{AV88,
  author =  "S. Abiteboul and V. Vianu",
  title =   "Procedural and {D}eclarative {D}atabase {U}pdate {L}anguage",
  booktitle =   "Proc. 7th ACM Symp. on Principles of Database Systems",
  year =    "1988",
  pages =   "240-250",
  month =   "March",
  note =    "To appear in JCSS"
}


@TechReport{AV88b,
  author =  "S. Abiteboul and V. Vianu",
  title =    "Datalog Extensions for Database Queries and Updates",
  institution =  "INRIA",
  year =     "1988",
  number =   "900"
}

@InProceedings{AV89,
  author =  "S. Abiteboul and V. Vianu",
  title =   "Fixpoint Extensions of First-Order Logic and Datalog like
                   Languages",
  booktitle =   "Proc. 4th Symp. on Logic in Computer Science",
  year =    "1989",
  pages =   "71-79"
}

@Article{AV91,
  author =  "S. Abiteboul and V. Vianu",
  title =    "Non-determinism in Logic-based Languages",
  journal =      "Annals of Math. and AI",
  year =     "1991",
  volume =   "3",
  pages =    "151-186"
}

@InBook{AV91ginsburg,
  author =  "S. Abiteboul and V. Vianu",
  title =    "Theoretical Studies in Computer Science",
  chapter =      "Expressive Power of Query Languages",
  publisher =    "Academic Press, J. Ullman Ed.",
  year =     "1991"
}

@InProceedings{AV91stoc,
  author =  "S. Abiteboul and V. Vianu",
  title =    "Generic Computation and its Complexity",
  booktitle =    "Proc. ACM Symp. on Theory of Computing",
  year =     "1991",
  OPTpages =     "",
  address =      "New Orleans",
  month =    "May"
}

%ex GL9?amai

@article{Abe83,
     AUTHOR = {D. Abel and J.L. Smith},
     JOURNAL = {Computer Vision, Graphics and Image Processing},
      volume =   "24",
    pages = "1-13",
     title = "{A Data Structure and Algorithm Based on a Linear Key for a Rectangle Retrieval Problem}",
     YEAR =  1983
}

@article{AGPZ98,
     AUTHOR = {D. Abel and V. Gaede and R. Power and X. Zhou},
     JOURNAL = "{GeoInformatica}",
      volume =   "3",
     number = 1,
     title = "{Caching Strategies for Spatial Joins}",
     YEAR =  1999
}


@Article{Aj83,
  author =   "M. Ajtai",
  title =    "$\Sigma_1^1$ formulae on finite structures",
  journal =  "Ann.\ of Pure and Applied Logic",
  year =     1983,
  volume =   24,
  pages =    "1-48"
}

%1996

@Article{Ar88,
  author =   "D. Arnon",
  title =    "A Bibliography of Quantifier Elimination for Real
          Closed Fields",
  journal =      "Journal of Symbolic Computation",
  year =     "1988",
  volume =   "5",
  pages =    "267-274"
}

@inproceedings{Arge97,
  author =   "L. Arge",
  title =    "{External Memory Algorithms with Applications in GIS}",
  booktitle = "\cite{KNRW97}",
  pages = "213,249",
  year = 1997
}


          --  B  --

@article{sequentia,
            title = "{An Online Database for Research into Chant and Liturgy of the Early Modern Era}",
            author = "Nathalie Berton and Cécile Davy-Rigaux and Deborah Kauffman",
              journal = "Journal of Seventeenth-Century Music",
          published =   "Society for Seventeenth-Century Music, University of Illinois press",
          year = 2005,
          volume=11,
          number=1
}


@article{Bainbridge2001,
  author = {Bainbridge, David and Bell, Tim},
  doi = {10.1023/A:1002485918032},
  journal = {Computers and the Humanities},
  keywords = {imported},
  number = 2,
  pages = {95 -- 121},
   title = {The Challenge of Optical Music Recognition},
  volume = 35,
  year = 2001
}



          @inproceedings{BDB06,
            author    = {Tamar Berman and
                         J. Stephen Downie and
                         Bart Berman},
            title     = "{Beyond Error Tolerance: Finding Thematic Similarities in
                         Music Digital Libraries}",
            booktitle = ecdl,
            year      = {2006},
            pages     = {463-466}
          }

@article{BDFS84,
    author="C. Beeri and M. Dowd and R. Fagin and R. Statman",
    title="{On the Structure of Armstrong Relations for
             Functional Dependencies}",
    journal=jacm,
   volume=31,
   no=1,
  year=1984,
   pages="30-46"
}


@Article{BBC98,
  author =   "A. Belussi and  E. Bertino and B. Catania",
  title =    "{An Extended Algebra for Constraint Databases}",
  journal = tkde,
 volume = 10,
            number = 5,
  year =     1998,
  pages =    "686-705",
  publisher =    "Springer Verlag, LNCS 1262"
}


@article{Bello2011MeasuringSS,
  title="{Measuring Structural Similarity in Music}",
  author={Juan Pablo Bello},
  journal={IEEE Transactions on Audio, Speech, and Language Processing},
  year={2011},
  volume={19},
  pages={2013-2025}
}

@article{Benetos2013,
  title="{Automatic music transcription: challenges and future directions}",
  author={Benetos, Emmanouil and Dixon, Simon and Giannoulis, Dimitrios and Kirchhoff, Holger and Klapuri, Anssi},
  journal={Journal of Intelligent Information Systems},
  volume={41},
  number={3},
  pages={407--434},
  year={2013},
  publisher={Springer}
}


@article{BFS00,
  author    = {P. Buneman and
               M. F. Fernandez and
               D. Suciu},
  title     = "{UnQL: A Query Language and Algebra for Semistructured Data
               Based on Structural Recursion.}",
  journal   = {VLDB Journal},
  volume    = {9},
  number    = {1},
  year      = {2000},
  pages     = {76-110}
}

@article{BGOSW96,
  author    = {Bruno Becker and
               Stephan Gschwind and
               Thomas Ohler and
               Bernhard Seeger and
               Peter Widmayer},
  title     = "{An Asymptotically Optimal Multiversion B-Tree}",
  journal   = {VLDB Journal},
  volume    = {5},
  number    = {4},
  year      = {1996},
  pages     = {264-275}
}


@InProceedings{BER96,
  author =   "S. Berchtold and D. Keim and H.-P. Kriegel",
  title =   "{The X-tree: An Index Structure for High-Dimensional Data}",
  booktitle =   vldb,
  year =    "1996",
}

@InProceedings{BHK98,
  author =  "J.S.Breese and D. Heckerman and C. Kadie",
  title =   "{Empirical Analysis of Predictive Algorithms
                   for Collaborative Filtering}",
  booktitle =   "Proc. Intl. Conf. on Uncertainty in Artificial Intelligence",
  year =    "1998",
  pages="43-52"
}

@Article{BE77,
  author = "M. Blasgen and K. Eswaran",
  title = "Storage and Access in Relational Databases",
  journal = "IBM System Journal",
  year = "1977"
}


@Book{BF85,
  author =   "J. Barwise and S. Feferman",
  title =    "Model Theoretic Logics",
  publisher =    "Springer-Verlag",
  year =     "1985"
}

@InProceedings{BF87,
  author =  "N. Bidoit and C. Froidevaux",
  title =   "Minimalism {S}ubsumes {D}efault {L}ogic and
                 Circumscription in {S}tratified {L}ogic {P}rogramming",
  booktitle =   "Proc. Symp. on Logic in Computer Science",
  year =    "1987",
  month =   "June"
}



@Article{BG82,
  author =   "A. Blass and Y. Gurevich",
  title =    "On the Unique Satisfiability Problem",
  journal =      "Information and Control",
  year =     "1982",
  volume =   "55",
  pages =    "80-88"
}

@Article{BG86,
  author =   "A. Blass and Y. Gurevich",
  title =    "Henkin Quantifiers and complete problems",
  journal =      "Annals of Pure and Applied Logic",
  year =     "1986",
  volume =   "32",
  pages =    "1-16"
}

@InProceedings{BG92,
  author =   "Jan Van den Bussche and Dirk Van Gucht",
  title =    "A Hierarchy of Faithful Set Creation in pure OODB's",
  booktitle =    "Proc. Int. Conf. on Database Theory",
  year =     "1992",
  editor =   "J. Biskup and R. Hull",
  pages =    "326-340",
  publisher = "Springer Verlag",
  address =      "Berlin",
  note =     "LNCS 646"
}

@inproceedings{BBCF04,
  author    = {Philip Bohannon and
               Peter Buneman and
               Byron Choi and
               Wenfei Fan},
  title     = "{Incremental Evaluation of Schema-Directed XML Publishing.}",
  booktitle = sigmod,
  year      = {2004},
  pages     = {503-514}
}

@inproceedings{BCF02,
  author    = {M. Benedikt and
               C. Y. Chan and
               W. Fan and
               R. Rastogi and
               S. Zheng and
               A. Zhou},
  title     = "{DTD-Directed Publishing with Attribute Translation Grammars.}",
  booktitle = vldb,
  year      = {2002},
  pages     = {838-849}
}

@inproceedings{BKN02,
  author = "P. Bohannon and H. Korth and P.P.S. Narayan and S. Ganguly and P. Shenoy",
 title= "{Optimizing View Queries in ROLEX to Support Navigable Tree Results}",
  booktitle=vldb,
  year=2002
}

@InProceedings{BKN01,
  author = "P. Bohannon and H. Korth and P. Narayan",
  title = "{The Table and the Tree: Online Access to Relational Data through Virtual XML Documents}",
    booktitle ="Intl. Proc. on WebDB 2001 Workshop on Databases and the Web",
   year =2001
}


@InProceedings{BHF93,
  author =   "L. Becker and K. Hinrichs and U. Finke",
  title =    "{A New Algorithm for Computing Joins with Grid Files}",
  booktitle =    icde,
  year =     "1993"
}

@book{BHG87,
    Author  = "P.A. Bernstein and V. Hadzilacos and N. Goodman",
    title =  "Concurrency Control and Recovery in Database Systems",
    publisher = "Addison Wesley",
    year = "1987"
}


@InProceedings{BJM93,
  author =   "A. Brodsky and J. Jaffar and M. J. Maher",
  title =    "Towards Practical Constraint Databases",
  pages =    "567-580",
  booktitle =    "Proc.\ Int.\ Conf.\ on Very Large Data Bases",
  year =     1993
}

@InProceedings{BKS93,
  author =   "T. Brinkhoff and H.-P. Kriegel and B. Seeger",
  title =    "{Efficient Processing of Spatial Joins Using
          R-Trees}",
  booktitle =    sigmod,
  year =     "1993",
  OPTpages      =  "237-246"
}

@Article{BEGO71,
  author = "R. Book and  S. Even and S. Greibach and G. Ott",
  title =  "Ambiguity in Graphs and Expressions",
  journal =  "IEEE Transactions on Computers",
  volume = "20",
  number = "2",
  year = "1971",
  pages = "149-153"
}


@inproceedings{Bri00,
  author = "Thomas Brinkhoff",
  title =  "Generating Network-Based Moving Objects",
  booktitle = ssdbm,
  publisher = "ACM",
  pages = "253-255",
  year = "2000"
}


@inproceedings{BPW02,
  author = "J. Bailey and A. Poulovassilis and P.T. Wood",
  title =  "{An Event-Condition-Action Language for XML}",
  booktitle = www,
  pages = "486-495",
  year = "2002"
}

@book{BR99,
  author    = {Ricardo A. Baeza-Yates and
               Berthier A. Ribeiro-Neto},
  title     = {Modern Information Retrieval},
  publisher = {ACM Press / Addison-Wesley},
  year      = {1999},
  isbn      = {0-201-39829-X}
}

@misc{ Brin00,
  author = "Thomas Brinkhoff",
  title = "A Framework for Generating Network-Based Moving Objects",
  text = "Technical Report of theInstitute of Applied Photogrammetry and Geoinformatics, Fachhochschule Oldenburg/Ostfriesland/Wilhelmshaven",
  year = "2000"
}

@InProceedings{BW01,
  author =       "T. Brinkhoff and J. Weitk{\"a}mper",
  title =        "{Continuous Queries within an Architecture for Querying
                 {XML}-Represented Moving Objects}",
  booktitle =     ssd,
  OPTvolume =       "2121",
  OPTpages =        "136--??",
  year =         "2001"
}

@InProceedings{BKSS94,
author =  "T. Brinkhoff and H.P. Kriegel and R. Schneider and B. Seeger",
  title =    "{Multi-Step Processing of Spatial Joins}",
  booktitle =    sigmod,
  year =     "1994",
  pages =    "197-208"
}

@InProceedings{BKV98,
  author =   "L. Bouganim and O. Kapitskaia and P. Valduriez",
  title =    "{Memory Adaptative Scheduling for Large Query Execution}",
  booktitle =    cikm,
  year =     "1998"
}


@Article{BS97,
  author =  "M. Balabanovic and Y. Shosham",
  title =   "{Fab: Content-based, Collaborative Recommendation}",
  journal =     cacm,
  year =    "1997",
  volume = "40",
  number = "3",
  pages =   "66-72"
}

@InProceedings{BL96,
  author =   "M. Benedikt and L. Libkin",
  title =    "On the structure of Queries in Constraint Query Languages",
  booktitle =    lics,
  year =     1996
}

@InProceedings{BL97,
  author =   "M. Benedikt and L. Libkin",
  title =    "Languages for Relational Databases over Interpreted Structures",
  booktitle =    pods,
  year =     1997
}


@InProceedings{BL98,
  author =   "M. Benedikt and L. Libkin",
  title =    "Safe constraint queries",
  booktitle =    pods,
  year =     1998
}

@InProceedings{BM92,
  author =       "C. Beeri and T. Milo",
  title =        "Functional and Predicative Programming in OODb's",
  booktitle =    "Proc. 11th Symp. on Principles of Database Systems
          San-Diego",
  year =         1992
}

@InProceedings{BM93,
  author =       "C. Beeri and T. Milo",
  title =        "On the power of Algebras with recursion",
  booktitle =   "Proc. ACM SIGMOD Conference on Management of Data",
  year =         1993
}

@Book{BMS84,
  author =   "M Brodie and J. Mylopoulos and J Schmidt",
  title =    "On concptual modeling",
  publisher =    "Springer Verlag",
  year =     "1984"
}


@InProceedings{BP91,
  author =       "J. Van Den Bussche and J. Paredaens",
  title =        "The Expressive Power of Structured Values
                  in Pure {OODB}'s",
  booktitle =    "Proc. 10th Symp. on Principles of Database Systems",
  year =         1991,
  pages =        ""
}


@InProceedings{BR86,
  author =  "F. Bancilhon and R. Ramakrishnan",
  title =   "An {A}mateur's {I}ntroduction to {R}ecursive
          {Q}uery-{P}rocessing {S}trategies",
  booktitle =   "Proc. ACM SIGMOD Conference on Management of Data",
  year =    "1986",
  pages =   "16-52"
}

@inproceedings{BS04,
  author    = {Ivan T. Bowman and
               Kenneth Salem},
  title     = "{Optimization of Query Streams Using Semantic Prefetching}",
  booktitle = sigmod,
  year      = {2004},
  pages     = {179-190}
}



@InProceedings{Bec90,
     AUTHOR = {N. Beckmann and H.P. Kriegel and R. Schneider and B. Seeger},
     booktitle = {Proc. ACM SIGMOD Intl. Symp. on the Management of Data},
     PAGES = {322-331},
     TITLE = "{The {R}*tree : An Efficient and Robust Access Method for Points and Rectangles}",
     YEAR =  1990
}


@InBook{Bo90,
  author =   "P. Van Emde Boas",
  title =   "Handbook of Theorical Computer Science",
  chapter =      "Machine models and simulations",
  publisher =    "North Holland, J. Van Leeuwen Ed.",
  year =     "1990",
  pages =    "1-66",
  volume =   "A"
}

@Article{BW80,
  author = "J. Bentley and J. Wood",
  title = "{An Optimal Worst Case Algorithm for Reporting Intersections of Rectangles}",
  journal = "IEEE Transactions on Computing",
          volume = "29",
  year = "1980"
}

@article{Bent79,
     AUTHOR = {J. L. Bentley and J. H. Friedman},
     JOURNAL = {ACM Computing Surveys},
     optMONTH = {December
 },
     NUMBER =  4,
     TITLE = "{Data Structures for Range Searching}",
     VOLUME =  11,
     YEAR =  1979
}


@inproceedings{Byrd01,
  author    = {Donald Byrd},
  title     = "{Music-notation searching and digital libraries}",
  booktitle = jcdl,
  year      = {2001},
  pages     = {239-246},
}

          --  C  --

@inproceedings{CCIMS05,
  author    = {Emilios Cambouropoulos and
               Maxime Crochemore and
               Costas S. Iliopoulos and
               Manal Mohamed and
               Marie-France Sagot},
  title     = "{A Pattern Extraction Algorithm for Abstract Melodic Representations
               that Allow Partial Overlapping of Intervallic Categories}",
  booktitle = ismir,
  year      = {2005},
  pages     = {167-174}
}


@article{CI04,
  author    = {Rapha{\"e}l Clifford and
               Costas S. Iliopoulos},
  title     = "{Approximate string matching for music analysis}",
  journal   = soco,
  volume    = {8},
  number    = {9},
  year      = {2004},
  pages     = {597-603},
}


@inproceedings{CCF04,
  author    = {Domenico Cantone and
               Salvatore Cristofaro and
               Simone Faro},
  title     = "{Efficient Algorithms for the delta-Approximate String Matching
               Problem in Musical Sequences}",
  booktitle = "{Proc. of the Prague Stringology Conf. (Stringology)}",
  year      = {2004},
  pages     = {33-47}
}

@inproceedings{CCF05,
  author    = {Domenico Cantone and
               Salvatore Cristofaro and
               Simone Faro},
  title     = "{Solving the $(\delta, \alpha)$-Approximate Matching Problem
               Under Transposition Invariance in Musical Sequences}",
  booktitle = ismir,
  year      = {2005},
  pages     = {460-463}
}




@inproceedings {
    CHRT17b,
    title   =   "{Ontology-Based Annotation of Music Scores}",
    author  =   " S. Cherfi and C. Guillotel and F. Hamdi and  P. Rigaux  and N. Travers ",
    booktitle   =   "{Intl. Conf. on Knowledge Capture (K-CAP'17)}",
    year    =   2017,
    note="Austin, Texas, Dec. 4-6 2017",
    pages = {},
 }


@inproceedings {
    CHRT17,
    title   =   "{Formalizing Quality Rules on Music Notation – an Ontology-Based Approach}",
    author  =   " S. Cherfi and F. Hamdi and  P. Rigaux and V. Thion and N. Travers ",
    booktitle   =   "{Intl. Conf. on Technologies for Music Notation and Representation (TENOR'17)}",
    year    =   2017,
    pages = {},
 }


@article{Casey2008,
  author       = {Casey, MA and Veltkamp,  Remco and Goto,  Masataka and Leman, Marc and Rhodes,  Christophe and Slaney,  Malcolm},
  issn         = {0018-9219},
  journal      = {Proceedings of the IEEE},
  language     = {eng},
  number       = {4},
  pages        = {668--696},
  title        = "{Content-based music information retrieval: current directions and future challenges}",
  volume       = {96},
  year         = {2008},
}

@PhDThesis{Chedid15,
title = {Typologie musicale de l’hymnodie syriaque de l’Église Maronite : La tradition du Père Maroun Mrad (Ordre Antonin Maronite)},
author = {Youssef Chédid},
school = {Université Paris-Sorbonne},
year = {2015}
}


@inproceedings{CJ06,
  author    = {Chuan-Wang Chang and
               Hewijin Christine Jiau},
  title     = "{An Efficient Numeric Indexing Technique for Music Retrieval
               System}",
  booktitle = "{Proc. IEEE Intl Conf. on Multimedia and Expo (ICME)}",
  year      = {2006},
  pages     = {1981-1984}
}


@Misc{CMME09,
   key="CMME09",
 title = "{The Computerized Mensural Music Editing Project (CMME)}",
  note="http://www.cmme.org"
}


@TechReport{Codd93,
    author = "E.F. Codd",
    title = "{Providing OLAP (On-Line Analytical Processing)
               to User Analysts: An IT Mandate}",
   institution = "Technical Report. E.F. Codd and Associates",
  year =     1993
}

@inproceedings{ConstantinMFR11,
  author    = {Cam{\'{e}}lia Constantin and
               C{\'{e}}dric du Mouza and
               Zo{\'{e}} Faget and
               Philippe Rigaux},
  title     = {The Melodic Signature Index for Fast Content-based Retrieval of Symbolic
               Scores Camelia Constantin},
  booktitle = {Proceedings of the 12th International Society for Music Information
               Retrieval Conference, {ISMIR} 2011, Miami, Florida, USA, October 24-28,
               2011},
  pages     = {363--368},
  year      = {2011}
}

@INPROCEEDINGS{Conklin03,
    author = {Darrell Conklin},
    title = "{Music Generation from Statistical Models}",
    booktitle = {Proc. Symp.   on Artificial Intelligence and Creativity in the Arts and Science},
    year = {2003},
    pages = {30--35}
}

@Book{CR94,
  author =   {M. Crochemore and W. Rytter},
  title =    {Text algorithms},
  publisher =    {Oxford University Press},
  year =     {1994}
}


@inproceedings{CW99,
  author = "K.K.W. Chu and M.H. Wong",
  title = "{Fast Time-Series Searching with Scaling and Shifting}",
  booktitle = pods,
  year = "1999"
}


@Article{Co70,
  author =  "E.F. Codd",
  title =   "A Relational Model of Data for Large Shared Data Banks",
  journal =     "Communications of ACM",
  volume =      "13:6",
  year =    1970,
  pages =   "377-387"
}

@inproceedings{AntilaC14,
  author    = {Christopher Antila and
               Julie Cumming},
  title     = "{The {VIS} Framework: Analyzing Counterpoint in Large Datasets}",
  booktitle = ismir,
  pages     = {71--76},
  year      = {2014}
  }

@inproceedings{CuthbertA10,
  author    = {Michael Scott Cuthbert and
               Christopher Ariza},
  title     = "{Music21: {A} Toolkit for Computer-Aided Musicology and Symbolic Music
               Data}",
  booktitle = ismir,
  pages     = {637--642},
  year      = {2010}
}

@inproceedings{CuthbertAF11,
  author    = {Michael Scott Cuthbert and
               Christopher Ariza and
               Lisa Friedland},
  title     = "{Feature Extraction and Machine Learning on Symbolic Music using the
               music21 Toolkit}",
  booktitle = ismir,
  pages     = {387--392},
  year      = {2011}
}

          --  D  --

#InProceedings{DM99,
          author="Jon W. Dunn and Constance A. Mayer",
          title="{VARIATIONS: A digital music library system at Indiana University}",
          bootitle = "Proc. ACM Conference on Digital Libraries",
          year=1999
          }



@book{DHZ12,
 author = {Doan, AnHai and Halevy, Alon and Ives, Zachary},
 title = "{Principles of Data Integration}",
 year = {2012},
 edition = {1st},
 publisher = {Morgan Kaufmann Publishers Inc.},
 address = {San Francisco, CA, USA},
} 



@PhdThesis{Downie99,
  author =   "J. Stephen Downie",
  title =    "Evaluating a simple approach to music information retrieval: Conceiving melodic n-grams as text",
  school =   "Univ. Western Ontario",
  year =     "1999"
}



@Article{Downie03,
   author = "J.S. Downie",
   title =  "{Music Information Retrieval}",
   journal =  "Annual review of Information Science and Technology",
   volume = "37",
   year = "2003",
   pages = "295-340"
}

@inproceedings{DR04,
  author    = {Shyamala Doraisamy and
               Stefan M. R{\"u}ger},
  title     = "{A Polyphonic Music Retrieval System Using N-Grams}",
  booktitle = ismir,
  pages = " 204--209",
  year      = {2004}
}


          --  E  --


          @inproceedings{ERP17,
            author    = {Jeff Ens and Bernhard E. Riecke and Philippe Pasquier},
            title     = "{The Significance of the Low Complexity Dimension in Music Similarity Judgements}",
            booktitle = ismir,
            year      = {2017},
            pages = "31--38"
          }


                    --  F  --

@inproceedings {
    FRT16a,
    title   =   "{Is There a Data Model in Music Notation?}",
    author  =   " R. Fournier-S'niehotta and P. Rigaux and N. Travers ",
    booktitle   =   "{Intl. Conf. on Technologies for Music Notation and Representation (TENOR'16)}",
    year    =   2016,
    pages = {85--91},
    editor = {Richard Hoadley and Chris Nash and Dominique Fober},
    publisher = {Anglia Ruskin University},
    ISBN = {978-0-9931461-1-4}
    
}

@inproceedings{FR10,
  author    = {Zo{\'{e}} Faget and Philippe Rigaux},
  title     = "{A Database Approach to Symbolic Music Content Management}",
  booktitle = {Intl. Symp. on Exploring Music Contents (CMMR)},
  pages     = {303--320},
  year      = {2010}
}

@inproceedings{FRM94,
  author    = {Christos Faloutsos and
               M. Ranganathan and
               Yannis Manolopoulos},
  title     = {Fast Subsequence Matching in Time-Series Databases},
  booktitle = sigmod,
  year      = {1994},
  pages     = {419-429}
}

@inproceedings{FLS01,
  author    = {Irna M. R. Evangelista Filha and
               Alberto H. F. Laender and
               Altigran Soares da Silva},
  title     = "{Querying Semistructured Data By Example: The QSByE Interface}",
  booktitle = {Workshop on Information Integration on the Web},
  year      = {2001},
  pages     = {156-163}
}



@INPROCEEDINGS{FHC14,
    AUTHOR = {Ichiro Fujinaga and Andrew Hankinson and Julie Cumming},
    TITLE = "{Introduction to SIMSSA (Single Interface for Music Score Searching and Analysis)}",
    BOOKTITLE = "Intl. Workshop on Digital Libraries for Musicology",
    YEAR = {2014},
    PAGES = {100–102},
    ADDRESS = {London, UK}
}

@inproceedings{McKayF06,
  author    = {Cory McKay and
               Ichiro Fujinaga},
  title     = "{Musical genre classification: Is it worth pursuing and how can it
               be improved?}",
  booktitle = ismir,
  pages     = {101--106},
  year      = {2006}
}

@inproceedings{McKayF06b,
  author    = {Cory McKay and
               Ichiro Fujinaga},
  title     = "{jSymbolic: A feature extractor for MIDI file}",
  booktitle = ismir,
  pages     = {302-305},
  year      = {2006}
}

          --  G  --



@article{GiraudGLL15,
  author    = {Mathieu Giraud and
               Richard Groult and
               Emmanuel Leguy and
               Florence Lev{\'{e}}},
  title     = "{Computational Fugue Analysis}",
  journal   = {Computer Music Journal},
  volume    = {39},
  number    = {2},
  pages     = {77--96},
  year      = {2015}
 }



@misc{GlobalChant,
   key       = "GlobalChant",
   title     = "{Global Chant Database}",
   howpublished = "",
   note="\url{http://www.globalchant.org/}"
}

@misc{Musipedia,
   key       = "Musipedia",
   title     = "{Musipedia}",
   howpublished = "",
   note="\url{http://www.musipedia.org}"
}

@ARTICLE{Gomez03,
    author = {Emilia Gómez and Anssi Klapuri and Benoît Meudic},
    title = "{Melody description and extraction in the context of music content processing}",
    journal = {Journal of New Music Research},
    year = {2003},
    volume = {32},
    pages = {2003}
}


@book{Gould11,
    author = {Elaine Gould},
    title = "{Behind Bars}",
    publisher = {Faber Music},
    year = {2011},
    pages = {676}
}

@inproceedings{GSD08,
  author =   "Joachim Ganseman and Paul Scheunders and Wim D'haes",
  title =    "{Using XQuery on MusicXML Databases for Musicological Analysis}",
  booktitle =  ismir,
  year =     "2008"
}




@InProceedings{GRAC09,
  author =       "D. Gross-Amblard and P. Rigaux and L. Abrouk and N. Cullot",
  title =        "{Fingering Watermarking in Symbolic Digital Scores}",
  booktitle =    "Intl. Symp. on Music Information Retrieval (ISMIR'09)",
  year =         "2009",
  notes = "Kobe, Japan"
}


@inproceedings{Good00,
  author    = {Michael Good},
  title     = {Representing Music Using XML},
  booktitle = ismir,
  year      = 2000
}

@InBook{Good01,
  author =   {Michael Good},
  chapter =    {''MusicXML for Notation and Analysis''},
  title = {The Virtual Score: Representation, Retrieval, Restoration},
  publisher =    {W. B. Hewlett and E. Selfridge-Field, MIT Press},
  year =     {2001},
  pages =    {113-124},
}

@Misc{MusicXML_ws,
  key =      {MusicXML},
author="",
year="2015",
  title =    "{MusicXML}",
  howpublished = {\url{http://www.musicxml.org}},
  organization =    "{MusicXML web site}",
  note =     {Accessed Oct. 2015}
}

@Misc{MEI_ws,
key="MEI",
author="",
year="2015",
  title =    "{Music Encoding Initiative}",
  organization =    "{Music Encoding Initiative}",
  howpublished = {\url{http://www.music-encoding.org}},
  note =     {Accessed April 2019}
}


@Misc{MNX_overview,
key="MNX",
author="",
year="2018",
  title =    "{Music Notation Community Group}",
  organization =    "{W3C}",
  howpublished = {\url{https://www.w3.org/community/music-notation/}},
  note =     {Accessed April 2019}
}


@InProceedings{Rolland02,
  author =   {Perry Rolland},
  title =    "{The Music Encoding Initiative (MEI)}",
  booktitle =    {Proceedings of the International Conference on Musical Applications Using XML},
  year =     {2002},
  pages =    {55-59}
}


@InProceedings{GRS-sigmod,
  author =   "S. Grumbach and P. Rigaux and L. Segoufin",
  title =    "{The {\sc dedale} System for Complex Spatial Queries}",
  booktitle =   sigmod,
  year =     "1998",
  pages =    "213-224"
}

@Article{GRS03,
  author =   "S. Grumbach and P. Rigaux and L. Segoufin",
  title =    "{Handling Interpolated Data}",
  booktitle =   "The Computer Journal",
  year =     "2003",
  volume= "46",
  number = "6",
  pages =    "664-679"
}


@InBook{GK+03,
  author =   "S. Grumbach and M. Koubarakis and P. Rigaux and M. Scholl and S. Skiadopoulos",
  title =    "Spatio-Temporal Databases: The CHOROCHRONOS Approach",
  chapter =   "Spatio-temporal Models and Languages: An Approach Based on Constraints",
 publisher = "Springer-Verlag",
  year =     "2003",
  pages =    "177-201"
}


@Article{RSSG03,
  author =   "P. Rigaux and M. Scholl and L. Segoufin and S. Grumbach",
  title =    "{Building a constraint-based spatial database system: model, languages, and implementation}",
  booktitle =   "Information Systems",
  year =     "2003",
  volume= "28",
  number = "6",
  pages =    "563-595"
}

@TechReport{GRS-full,
  author =   {S. Grumbach and P. Rigaux and L. Segoufin},
  title =    {The \dedale/ System for Complex Spatial Queries},
  institution =  {INRIA-VERSO},
  year =     1998,
  number =   131,
  note =     {ftp://ftp.inria.fr/INRIA/Projects/verso/VersoReport-131.ps.gz}
}

@InProceedings{GRV00,
   author =      {S. Grumbach and P. Rigaux and P. Veltri},
  title =    "{Hierarchical Optimization of Linear Constraint Processing}",
   booktitle  = "Convegno Nazionale su Sistemi Evoluti per Basi
                       di Dati (SEBD'2000)",
    year = 2000
}

@InProceedings{GR98,
  author =   "C. Gurret and  P. Rigaux",
  title =    "{An Integrated Platform for the Evaluation of Spatial Query Processing Algorithms}",
  booktitle =   dexa,
  year =     "1998"
}

@InProceedings{GMPR99,
  author =   "C. Gurret and Y. Manolopoulos and A. Papadopoulos and P. Rigaux",
  title =    "{The BASIS System: a Benchmarking Approach
          for Spatial Index Structures}",
  booktitle =   "Intl. Workshop on Spatio-Temporal Database Management (STDBM'99)",
  year =     "1999",
  series  =   "LNCS 1678",
  OPTnote = "{\url{http://sikkim.cnam.fr/basis.html}}"
}

@InProceedings{GRSS97,
  author =   "S. Grumbach and P. Rigaux and M. Scholl and L. Segoufin",
  title =    "{\dedale/: A Spatial Constraint Database}",
  booktitle =   dbpl,
  year =     "1997",
  pages =    "38-59",
  OPTaddress =   "Estes Park, Colorado, USA",
  OPTmonth =     "August 1997"
}

@InCollection{GRSS00,
  author =   "S. Grumbach and P. Rigaux and M. Scholl and L. Segoufin",
  title =    "{The \dedale/ Prototype}",
  booktitle =   "Constraint Database Systems",
  editor = "G. Kuper and B. Libkin and J. Paradaens",
      year =     "2000",
  publisher= "Springer Verlag"
}

@InCollection{Scholl01,
  author =   "M. Scholl",
  booktitle =    "{Bases de donn�es et Internet}",
  title =    "{Bases de donn�es g�ographiques}",
  publisher =    "Herm�s Sciences",
  year =     "2001",
  editor =   "Anne Doucet et Genevi�ve Jomier",
  pages =    "181-212"
}


@Book{KLP00,
  title =   "Constraint Database Systems",
  editor = "G. Kuper and B. Libkin and J. Paradaens",
      year =     "2000",
  publisher= "Springer Verlag"
}

@InCollection{KS00,
  author =   "G. Kuper and M. Scholl",
  title =    "{Geographic Information Systems}",
  booktitle =   "Constraint Database Systems",
  editor = "G. Kuper and B. Libkin and J. Paradaens",
      year =     "2000",
  publisher= "Springer Verlag"
}


@InProceedings{GRSS98,
  author =   "G. Kuper and S. Ramaswamy and K. Shim and J. Su",
  title =    "{A Constraint-Based Spatial Extension to SQL}",
  booktitle =   acmgis,
  year =     "1998",
  OPTages =      "",
  OPTaddress =   "",
  OPTmonth =     ""
}

@InProceedings{GRS-icdt,
  author =   {S. Grumbach and P. Rigaux and L. Segoufin},
  title =    "{On the Orthographic Dimension of Constraint Databases}",
  booktitle   = icdt,
  year = 1999,
  pages = "199-216"
}


@InProceedings{GRS-bda99,
  author =   {S. Grumbach and P. Rigaux and L. Segoufin},
  title =    "{Modeling and Querying Interpolated Spatial Data}",
  booktitle   = "Actes du Congr�s Bases de Donn�es Avanc�es (BDA)",
  year = 1999
}


@InProceedings{GRS-interpol,
  author =   {S. Grumbach and P. Rigaux and L. Segoufin},
  title =    "{Manipulating Interpolated Data is Easier than you Thought}",
  booktitle   = vldb,
  year = 2000
}

@inproceedings{GRS98,
  author    = {St{\'e}phane Grumbach and
               Philippe Rigaux and
               Luc Segoufin},
  editor    = {Robert Laurini and
               Kia Makki and
               Niki Pissinou},
  title     = {Spatio-Temporal Data Handling with Constraints},
  booktitle = acmgis,
  publisher = {ACM},
  year      = {1998},
  pages     = {106-111}
}

@InProceedings{GRS-gis,
  author =   "S. Grumbach and P. Rigaux and L. Segoufin",
  title =    "{Spatio-Temporal Data Handling with Constraints}",
  booktitle =   acmgis,
  year =     "1998",
  OPTages =      "",
  OPTaddress =   "",
  OPTmonth =     "",
  OPTNote = "Extended version to appear in GeoInformatica"
}

@InProceedings{GS85,
  author =   "Y. Gurevich and S. Shelah",
  title =    "Fixed-point extensions of First Order Logic",
  booktitle =    "Proc IEEE Foundations of Computer Science",
  year =     "1985"
}

@Article{GS86,
  author =   "Y. Gurevich and S. Shelah",
  title =    "Fixed-Point Extensions of First-Order Logic",
  journal =  "Annals of Pure and Applied Logic",
  year =     1986,
  volume =   32,
  pages =    "265-280"
}

@InProceedings{GS94,
  author =   "S. Grumbach and J. Su",
  title =    "Finitely representable Databases",
  booktitle =    "13th ACM Symp. on Principles of Database Systems",
  year =     "1994",
  OPTeditor =    "",
  pages =    "289-300",
  address =      "Minneapolis",
  month =    "May"
}


@Article{GSjcss,
  author =     "S. Grumbach and J. Su",
  title =      "Finitely Representable Databases",
  journal =    "Journal of Computer and System Sciences",
  year =       "1997",
  volume =          "55",
  number =          "2",
  OPTpages =   "",
  OPTmonth =   "",
  OPTnote =       "Invited to a special issue."
}

%Ex F87
@InProceedings{GS95,
  author =   "S. Grumbach and J. Su",
  title =    "Dense Order Constraint Databases",
  booktitle =    "14th ACM Symp. on Principles of Database Systems",
  year =     "1995",
  pages =    "66-77",
  address =      "San Jose",
  month =    "May"
}


@InProceedings{GS96,
  author =   "S. Grumbach and J. Su",
  title =    "Towards Practical Constraint Databases",
  booktitle =    "15th ACM Symp. on Principles of Database Systems",
  year =     "1996",
  pages =    "28-39",
  address =      "Montr\'eal",
  month =    "June"
}


@Article{GS97,
  author =     "S. Grumbach and J. Su",
  title =      "{Queries with Arithmetical Constraints}",
  journal =    tcs,
  year =       "1997",
  volume =          "171",
            number = "1"
}

@InProceedings{GST94,
  author =   "S. Grumbach and J. Su and C. Tollu",
  title =    "{Linear Constraint Query Languages: Expressive Power
          and Complexity}",
  booktitle =    "Logic and Computational Complexity",
  editor =   "D. Leivant",
  OPTpages =     "426-446",
  publisher =    "Springer Verlag",
  address =      "Indianapolis",
  note =     "LNCS 960",
  year =     "1994"
}

@InProceedings{GSZ95,
  author =   "S. Greco and D. Sa\mbox{cc\`a} and C. Zaniolo",
  title =    "Datalog queries with stratified negation and Choice:
          from P to DP",
  booktitle =    "Proc. Int. Conf. on Database Theory",
  year =     "1995",
  editor =   "G. Gottlob and M. Vardi",
  pages =    "82-96",
  publisher =    "Springer Verlag",
  address =      "Prague",
  note =     "LNCS 893"
}

@InProceedings{GScp95,
  author =   "S. Grumbach and J. Su",
  title =    "First-order Definability over Constraint Databases",
  booktitle =    "Proc. First Int. Conf. on Principles and Practice of
          Constraint Programming",
  year =     "1995",
  editor =   "U. Montanari",
  pages =    "121-136",
  publisher = "LNCS 976",
  address =      "Cassis",
  month =    "Sept."
}

@Article{GSjcss96,
  author =   "S. Grumbach and J. Su",
  title =    "Towards Practical Constraint Databases",
  journal =      "Journal of Computer and System Sciences",
  year =     "199?",
  OPTvolume =    "",
  OPTnumber =    "",
  OPTpages =     "",
  OPTmonth =     "",
  note =     "Invited to a special issue."
}


@Article{GStcs,
  author =   "S. Grumbach and J. Su",
  title =    "Queries with Arithmetical Constraints",
  journal =      "Theoretical Computer Science",
  year =     "1997",
  volume =   "173",
  OPTnumber =    "",
  OPTpages =     "",
  OPTmonth =     "",
  note =     "Invited to a special issue"
}

@InProceedings{GT91,
  author =   "S. Grumbach and C. Tollu",
  title =    "The Generic Complexity of Query Languages with Counters",
  booktitle =    "Int. Workshop on Foundations of Models and Languages
          for Data and Objects",
  year =     "1991",
  pages =    "131-146",
  publisher =    "TU Clausthal",
  address =      "Aigen",
  note =     "Informatik Bericht 91/3"
}

@InProceedings{GT92,
  author =   "S. Grumbach and C. Tollu",
  title =    "Query Languages with Counters",
  booktitle =    "Proc. Int. Conf. on Database Theory",
  year =     "1992",
  editor =   "J. Biskup and R. Hull",
  pages =    "124-139",
  publisher =    "Springer Verlag",
  address =      "Berlin",
  note =     "LNCS 646"
}

@InProceedings{GT93,
  author =   "S. Grumbach and F. Tahi",
  title =    "Compression of {DNA} Sequences",
  booktitle =    "Proc. IEEE Symp. on Data Compression",
  year =     "1993",
  pages =    "340-350"
}

@Article{GT94,
  author =   "S. Grumbach and F. Tahi",
  title =    "A New Chalenge for Compression Algorithms: Genetic
          Sequences",
  journal =      "Journal of Information Processing and Management",
  year =     "1994",
  volume =   "30",
  number =   "6",
  OPTpages =     "",
  OPTmonth =     "",
  note =     "Special Issue on Compression"
}


@Article{GT95,
  author =   "S. Grumbach and F. Tahi",
  title =    "Compression et compr\'ehension des s\'equences de
          nucl\'eotides",
  journal =      "Technique et {S}cience {I}nformatiques",
  year =     "1995",
  volume =   "14",
  number =   "2",
  pages =    "217-233",
  note =     "Num\'ero sp\'ecial informatique et g\'enomes,
          interpr\'etation des s\'equences"
}

@Article{GTtcs,
  author =   "S. Grumbach and C. Tollu",
  title =    "On the Expressive Power of Counting",
  journal =      "Theoretical Computer Science",
  year =     "1995",
  volume =   "B",
  number =   "147",
  pages =    "67-99",
  month =    "Sept.",
  note =     "Also Inria Research Report, n 2330, Sept 1994"
}

@InProceedings{GTVV93,
     AUTHOR = {M.T. Goodrich and J.-J. Tsay and D.E. Vengroff and J.S. Vitter},
     booktitle = {Proc. IEEE Intl. Symp. on Foundations of Computer Sciences},
     PAGES = {714-723},
     TITLE = "{External-Memory Computational Geometry}",
     YEAR =  1993
}

@InProceedings{Guido, 
  author =   {H. H. Hoos and K. A. Hamel and K. Renz and J. Kilian},
  title =    "{The GUIDO Music Notation Format - A Novel Approach for Adequately Representing Score-level Music}",
  booktitle = icmc,
  pages =    {451-454},
  year =     1998
}

@Book{GUW2000,
  author =   {H. Garcia-Molina and J.D. Ullman and J. Widom},
  title =    "{Database System Implementation}",
  publisher =    {Prentice Hall},
  year =     2000
}

@InProceedings{Gu93,
AUTHOR = {O. Gunther},
TITLE = "{Efficient Computation of Spatial Joins}",
booktitle = {Proc.  IEEE Intl. Conf. on Data Engineering},
PAGES = {50--59},
OPTMONTH= {April},
YEAR = 1993
}

@Article{GV88,
  author =   "D. Yu. G\mbox{ridor'ev} and N. N. Vorobjov",
  title =    "Solving Systems of polynomial Inequalities in
          subexponential time",
  journal =      "Journal of Symbolic Computation",
  year =     "1988",
  OPTvolume =    "",
  OPTnumber =    "",
  OPTpages =     "",
  OPTmonth =     "",
  OPTnote =      ""
}

@InProceedings{GV90,
  author =   "S. Grumbach and V. Vianu",
  title =    "Playing Games with Objects",
  booktitle =    "Proc. Int. Conf. on Database Theory",
  year =     "1990",
  pages =    "25-38",
  address =      "Paris",
  month =    "dec",
  note =     "Springer Verlag. LNCS 470"
}

@InProceedings{GV91a,
  author =   "S. Grumbach and V. Vianu",
  title =    "Tractable Query Languages for Complex Object
          Databases",
  booktitle =    "Proc. 10th ACM Symp. on Principles of Database
          Systems",
  year =     "1991",
  pages =    "315-327",
  address =      "Boulder",
  month =    "May"
}

@InProceedings{GV91b,
  author =   "S. Grumbach and V. Vianu",
  title =    "Expressiveness and complexity of restricted
          languages for complex objects",
  booktitle =    "Proc. 3rd Int. Workshop on database programming
          languages",
  year =     "1991",
  pages =    "111-122",
  publisher = "Morgan Kaufman",
  address =      "Nafplion",
  month =    "Aug."
}

@Article{GVjcss,
  author =   "S. Grumbach and V. Vianu",
  title =    "Tractable Query Languages for Complex Object
          Databases",
  journal =      "Journal of Computer and System Sciences",
  year =     "1995",
  volume =   "51",
  number =   "2",
  pages =    "149-167",
  month =    "october",
  note =     "Also Inria Research Report, n 1573, Dec 1991"
}

@Book{Guenther88,
  author =   "O. G{\"u}nther",
  title =    "{Efficient Structures for Geometric Data
          Management}",
  publisher =    "Springer-Verlag. LNCS 337",
  year =     "1988",
  OPTaddress =   "Berlin"
}

@InProceedings{GW87,
  author =   "O. G\mbox{\"unther} and E. Wong",
  title =    "{Convex Polyhedral Chain: a Representation for
          Geometric Data}",
  booktitle =    vldb,
  year =     "1987"
}


@InProceedings{GW92,
  author =   "S. Ginsburg and X. Wang",
  title =    "Towards a unified approach to querying Sequenced
          Data",
  booktitle =   "Proc. 11th ACM Symp. on Principles of Database
          Systems",
  year =     "1992",
  pages =    "293-300",
  address =      "San Diego"
}


@Article{Ga64,
  author =   "H. Gaifman",
  title =    "Concerning Measures in First-Order Calculi",
  journal =      "Israel Journal of Mathematics",
  year =     "1964",
  volume =   "2",
  pages =    "1-18"
}

@InProceedings{Ga81,
  author =   "H. Gaifman",
  title =    "On local and non local properties",
  booktitle =    "Proc. Herbrand Symposium Logic Colloquium",
  year =     "1981",
  editor =   "J. Stern",
  pages =    "105-135",
  publisher = "North Holland"
}

@InProceedings{Gae95,
  author =   "V. Gaede",
  title =    "{Optimal Redundancy in Spatial Databases Systems}",
  OPTeditor =    "M. J. Egenhofer and J. R. Herring",
  booktitle =    "Intl. Conf. on Advances in Spatial Databases, (SSD'95)",
  year =     1995,
  pages =    "96-116",
  publisher =    "Springer Verlag LNCS 951"
}

@Book{Gallier,
  author =   "J. H. Gallier",
  title =    "Logic for Computer Science",
  publisher =    "Harper and Row",
  year =     "1986"
}


@Article{Gi88,
  author =   "J.-Y. Girard",
  title =    "Towards a Geometry of Interaction",
  journal =      "??",
  year =     "1988",
  OPTvolume =    "",
  OPTnumber =    "",
  OPTpages =     "",
  OPTmonth =     "",
  OPTnote =      ""
}

@Book{Go83,
  author =  "A. Goldberg and D. Robson",
  title =   "Smalltalk 80, the Language and Implementation",
  publisher =   "Addison-Wesley",
  year =    1983
}

@inproceedings{GK95,
    author = "Dina Q. Goldin and Paris C. Kanellakis",
    title = "On Similarity Queries for Time-Series Data: Constraint Specification and Implementation",
    booktitle = "Proc. Intl. Conf. on Principles and Practice of Constraint Programming ({CP}'95)",
    year = "1995"
}

@inproceedings{ GFDP01,
    author = "Tony Griffiths and Alvaro A. A. Fernandes and Nassima Djafri and Norman W. Paton",
    title = "A Query Calculus for Spatio-Temporal Object Databases",
    booktitle = time,
    pages = "101-110",
    year = "2001"
}

@article{ GFPMHW01,
    author = "Tony Griffiths and Alvaro A. A. Fernandes and Norman W. Paton and Keith T. Mason and Bo Huang and Michael Worboys",
    title = "Tripod: {A} Comprehensive Model for Spatial and Aspatial Historical Objects",
    journal = "Lecture Notes in Computer Science",
    volume = "2224",
    pages = "84--??",
    year = "2001"
}

@PhdThesis{Gr-these,
  author =   "S. Grumbach",
  title =    "Ensembles et fonctions en Datalog",
  school =   "Univ. Paris XI, Orsay",
  year =     "1990",
  month =    "Jan"
}

@Article{Gr83,
  author =   "E. Grandjean",
  title =    "Complexity of the First Order Theory of almost all
          Structures",
  journal =      "Information and Control",
  year =     "1983",
  volume =   "52",
  pages =    "180-204"
}


@InProceedings{Gr88,
  author =   "S. Grumbach",
  title =    "Non-Monotonie : des Syst\`emes Formels aux Sciences de la Nature",
  booktitle =    "3e Colloque International de l'ARC, Cognition et Connaissance",
  year =     "1988",
  address =      "Toulouse",
  month =    "March"
}

@InProceedings{Gr88-bd3,
  author =   "S. Grumbach",
  title =    "Stratified Databases with Sets: More about
          Declarative Semantics",
  booktitle =    "Proc. $IV^{e}$ Journ\'ees Bases de Donn\'ees Avanc\'ees",
  year =     "1988",
  address =      "B\'enodet"
}

@InBook{Gr89,
  author =   "S. Grumbach",
  title =    "Deductive and Object-Oriented Databases",
  chapter =      "Integrations of Functions defined with Rewriting
          Rules in Datalog",
  publisher =    "Elsevier Science Publishers",
  year =     "1990",
  OPTpages =     "",
  OPTvolume =    "",
  OPTseries =    "",
  OPTaddress =   "",
  OPTedition =   "W. Kim and J.-M. Nicolas and S. Nishio",
  OPTmonth =     "",
  note =     "First appeared in Proc. First Int. Conf. on Deductive
          and Object-Oriented Databases, 1989, Kyoto, Japan"
}

@InProceedings{Gr89-bd3,
  author =   "S. Grumbach",
  title =    "$Datalog^{rew}$: Datalog with rewriting rules",
  booktitle =    "Proc. $V^{e}$ Journ\'ees Bases de Donn\'ees Avanc\'ees",
  year =     "1989",
  address =      "Gen\`eve"
}

@Unpublished{Gr90,
  author =   "S. Grumbach",
  title =    "Horn Clauses with Rewriting Rules",
  note =     "in preparation",
  year =     "1990"
}

@InProceedings{Gr92,
  author =   "S. Grumbach",
  title =    "A Paradox in Database Theory",
  booktitle =    "Proc. Int. Conf. on Database Theory",
  year =     "1992",
  editor =   "J. Biskup and R. Hull",
  pages =    "312-325",
  publisher =    "Springer Verlag",
  address =      "Berlin",
  note =     "LNCS 646"
}


@article{Gra93,
    author = "G. Graefe",
    title = "{Query Evaluation Techniques for Large Databases}",
    journal = compsurv,
    year = "1993",
    volume = "25",
    number = "2",
    pages = "73--170"
}

@InProceedings{Guttman84,
  author =   "A. Guttman",
  title =    "{R-trees : A Dynamic Index Structure for Spatial Searching}",
  booktitle =    "Proc. ACM SIGMOD Intl. Symp. on the Management of Data",
  year =     "1984",
  OPTeditor =    "",
  pages =    "45-57",
  OPTorganization = "",
  OPTpublisher = "",
  OPTaddress =   "",
  OPTmonth =     "",
  OPTnote =      "Boston, MA"
}

          --  H  --

@InProceedings{HRF11,
    author = "Hankinson, Andrew and Roland, Perry and Fujinaga, Ichiro",
    title = "{The Music Encoding Initiative as a Document-Encoding Framework}",
    year = 2011,
    pages = "293--298",
    booktitle = ismir
}

@Article{HMP04,
            author =       "G. Haus and M. Longari and E. Pollstri",
            title =        "{A Score-Driven Approach to Music Information Retrieval}",
            journal =    "Journal of American Society for Information Science and Technology",
            volume = "55",
            numer="12",
            year =         "2004" ,
          pages =        "1045-1052"
          }

@InBook{Humdrum,
  author =   {D. Huron},
   crossref =     {Selfridge97},
   volume="1",
  chapter =      {Humdrum and Kern: Selective Feature Encoding},
  publisher =    {The MIT Press},
  year =     {1997}
}

@article{HuronHumdrum,
 author = {Huron, David},
 title = {Music Information Processing Using the Humdrum Toolkit: Concepts, Examples, and Lessons},
 journal = {Computer Music Journal},
 issue_date = {July 2002},
 volume = {26},
 number = {2},
 month = jul,
 year = {2002},
 issn = {0148-9267},
 pages = {11--26},
 numpages = {16},
 url = {http://dx.doi.org/10.1162/014892602760137158},
 doi = {10.1162/014892602760137158},
 acmid = {1112830},
 publisher = {MIT Press},
 address = {Cambridge, MA, USA},
} 

@INPROCEEDINGS{HW15,
    author = {Nicholas Harley and Geraint A. Wiggins},
    title = "{AN ONTOLOGY FOR ABSTRACT, HIERARCHICAL MUSIC REPRESENTATION}",
    booktitle = ismir,
    year = {2015},
    pages = {Late breaking demos},
    note="http://ismir2015.uma.es/LBD/LBD31.pdf"
}


@article{KMP77,
  author =      "D.E. Knuth and J.E. Morris and V.R. Pratt",
  title =       "{Fast Pattern Matching in Strings}",
  journal =    "SIAM J. Computing",
   volume="6", number="2",
  year =         "1977" ,
  pages =        "323-350"
}

--  I  --


--  J  --


@InProceedings{JDE07,
  author =  "Malo Cameron Jones and J. Stephen Downie and Andreas F. Ehmann",
  title =    "{Human Similarity Judgments: Implications for the Design of Formal Evaluations}",
  booktitle =  ismir,
  year =     "2007",
  pages = "539--542"
}

@Article{Jensen94,
  author =  "C.S. Jensen and J. Clifford and R. Elmasriand  and  S.K. Gadia and P. Hayes and S. Jajodia",
  title =   "{A Consensus Glossary of Temporal Database Concepts}",
  journal =     "SIGMOD Record ",
  year =    "1994",
  pages =   "52-64",
          volume = 23,
          number = 1
}

@Article{J82,
  author =  "B. Jacobs",
  title =   "On {D}atabase {L}ogic",
  journal =     "Journal of the ACM",
  year =    1982,
  volume =  29,
  number =  2,
  pages =   "310-332"
}



@Article{JLM,
  author =  "J. Jaffar and J.L. Lassez and M.J. Mahler",
  title =   "A {T}heory of {C}omplete {L}ogic {P}rogramms with {E}quality",
  journal =     "Journal of Logic Programming 1",
  year =    "1984",
  pages =   "211-223"
}

@InProceedings{JLS99,
          title =     "{What can Hierarchies do for Data Warehouses?}",
           year = 1999,
           booktitle = vldb,
          author = "H. V. Jagadish and L. V. S. Lakshmanan and D. Srivastava",
             pages = "530-541"
}

@InProceedings{JP87,
  author =   "B. Jayaraman and D. A. Plaisted",
  title =    "Functional Programming with sets",
  booktitle =   "Proc. FPLCA",
  year =     "1987",
  pages =    "194,211",
  publisher = "LNCS"
}

@InProceedings{JS82,
  author =  "B. Jaeschke and H.J. Schek",
  title =   "Remarks on the algebra of non first normal form relations",
  booktitle =   "Proc. 1st ACM Symp. on Principles of Database Systems",
  year =    "Los Angeles, 1982"
}

@InBook{Jo90,
  author =   "D.S. Johnson",
  title =   "Handbook of Theorical Computer Science",
  chapter =      "A catalog of complexity classes",
  publisher =    "North Holland, J. Van Leeuwen Ed.",
  year =     "1990",
  pages =    "67-162",
  volume =   "A"
}

          --  K  --




@article{Klapuri2004,
  title="{Automatic music transcription as we know it today}",
  author={Klapuri, Anssi P},
  journal={Journal of New Music Research},
  volume={33},
  number={3},
  pages={269--282},
  year={2004},
  publisher={Taylor \& Francis}
}

          @inproceedings{Knopke08,
              author = "Ian Knopke",
              title = "{The Perlhumdrum and Perllilypond Toolkits for Symbolic Music Information Retrieval}",
              booktitle =ismir,
              year = "2008",
              pages = "147--152"
          }


@inproceedings{KL05,
    author = "Mika Kuuskankare and Mikael Laurson",
    title = "{Annotating Musical Scores in ENP }",
    booktitle =ismir,
    year = "2005"
}



          @article{KR05,
            author = {Eamonn J. Keogh and
                         Chotirat (Ann) Ratanamahatana},
            title     = "{Exact Indexing of Dynamic Time Warping}",
            journal   = {Knowl. Inf. Syst.},
            volume    = {7},
            number    = {3},
            year      = {2005},
            pages     = {358-386}
          }

@inproceedings{KNPM05,
  author    = {Ioannis Karydis and
               Alexandros Nanopoulos and
               Apostolos N. Papadopoulos and
               Yannis Manolopoulos},
  title     = "{Audio Indexing for Efficient Music Information Retrieval}",
  booktitle = "{Proc. IEEE Intl Conf. on Multi Media Modeling (MMM)}",
  year      = {2005},
  pages     = {22-29}
}


@article{Kornstaedt98,
    Author = {Kornstaedt, Andreas},
    Journal = {Computing in Musicology},
    Pages = {231-236},
    Title = {Themefinder: A Web-based Melodic Search Tool},
    Volume = {11},
    Year = {1998}
   }


@inproceedings{GS99,
 author = {Valery Guralnik and Jaideep Srivastava},
 title = {Event detection from time series data},
 booktitle = {Proceedings of the fifth ACM SIGKDD international conference on Knowledge discovery and data mining},
 year = {1999},
 pages = {33--42}
 }


@Book{Kn69,
  author =   "D. E. Knuth",
  title =    "The Art of Computer Programming",
  publisher =    "Addison Wesley",
  year =     "1969",
  OPTvolume =    "2 Seminumerical Algorithms"
}


@Article{Kuhn55,
  author =  "H.W. Kuhn",
  title =   "{The Hungarian Method for the Assignment Problem}",
  journal =     "Naval Research Logistics Quarterly",
  volume = "2",
  year =    1955,
  pages =   "83-97"
}

          --  L  --


@inproceedings{LC02,
  author    = {Yu-lung Lo and
               Shiou-jiuan Chen},
  title     = "{The Numeric Indexing For Music Data}",
  booktitle = "{Proc. Intl Conf. on Distributed Computing Systems Work. (ICDCSW)}",
  year      = {2002},
  pages     = {258-266}
}


@inproceedings{Lerner03,
	author = {Lerner, A. and Shasha, D.},
	title  = "{AQuery: Query Language for Ordered Data, Optimization Techniques, and Experiments}",
	booktitle = vldb,
	year = {2003},
	isbn = {0-12-722442-4},
	pages = {345--356}
} 

@article{Lettl80,
    author = {Lettl, Günter and Gruber, Peter M.},
    title = "{Isometries of the Space of Convex Bodies in Euclidean Space}",
    journal = {Bulletin of the London Mathematical Society},
    volume = {12},
    number = {6},
    pages = {455-462},
    year = {1980},
    doi = {10.1112/blms/12.6.455}
}


          @inproceedings{LSW+04,
            author    = {A. Lerner and D. Shasha and Z. Wang and X. Zhao and Y. Zhu},
            title     = "{Fast Algorithms for Time Series with
          applications to Finance, Physics, Music, Biology, and other Suspects}",
            booktitle = sigmod,
            year      = {2004},
            pages     = {965-968}
          }

@Article{Lemire08,
	  author="Daniel Lemire",
	  title= " Faster Retrieval with a Two-Pass Dynamic-Time-Warping Lower Bound",
	  journal="Pattern Recognition",
	  volume="to appear",
	  number="",
	  year=2008
          }

@inproceedings{LR00,
  author    = {Alexandros Labrinidis and Nick Roussopoulos},
  title     = "{WebView Materialization}",
  booktitle = sigmod,
  year      = {2000},
  pages     = {367-378}
}
@InProceedings{LA+02,
  author =  "E. D. Liddy and E. Allen and S. Harwell and S. Corieri
           and O. Yilmazel and N. E. Ozgencil and A. Diekema
           and  N. McCracken and J. Silverstein and S.A. Sutton",
  title =   "{Automatic Metadata Generation and Evaluation}",
  booktitle =   sigir,
  year =    2002,
  OPRpages =    "267-280",
  address =     "Tempere, Finland",
  note="Poster session"
}


@InProceedings{LS97,
          author = "H. Lenz and A. Shoshani",
          title = "{Summarizabibilty in OLAP and Statistical
          Databases}",
          booktitle = ssdbm,
          year = 1997}

@InBook{LV90,
  author =   "M. Li and P. Vitanyi",
  title =   "Handbook of Theorical Computer Science",
  chapter =      "4 Kolmogorov Complexity and its Applications",
  publisher =    "North Holland",
  year =     "1990",
  editor =   "J. Van Leeuwen",
  pages =    "187-254",
  volume =   "A"
}


@InProceedings{LW96,
          author = "C. Li and X.S. Wang",
          title = "{A Data Model for Supporting On-Line Analytical
          Processing}",
          booktitle = cikm,
          year = 1996}

@Book{Lo77,
  author =   "M Loeve",
  title =    "Probability Theory I",
  publisher =    "Springer-Verlag",
  year =     "1977"
}

          --  M  --

@article{MS90,
   title="Comparison of musical sequences",
   author="Marcel Mongeau and David Sankoff",
   journal="Computers and the Humanities", 
   volume=24,
   number=3,
   pages="161–175", 
   year=1990
}

@Book{Muller15,
   title="{Fundamentals of Music Processing}",
   editor="Meinard Müller",
   publisher="Springer Verlag",
   year=2015
}


@Book{Meredith16,
   title="{Computational Music Analysis}",
   editor="David Meredith",
   publisher="Springer Verlag",
   year=2016
}

          @InProceedings{MO02,
            author =   "Massimo Melucci and Nicola Orio",
            title =    "{Evaluating automatic melody segmentation aimed at music information retrieval}",
            booktitle =    "Proc. Intl. Joint Conference on Digital Libraries",
            year =     "2002"
          }


          @Book{MRS08,
                author="Christopher D. Manning and Prabhakar Raghavan and Hinrich Schutze",
                title="{Introduction to Information Retrieval}",
                publisher="Cambridge University Press",
                note="Online version at \textit{http://informationretrieval.org/}",
                year="2008"
             }

          @Book{Muller04,
             author="M. Muller",
             title="{Information Retrieval for Music and Motion}",
             publisher="Springer",
             year="2004"
          }


@inproceedings{Moerkotte02,
  author    = {G. Moerkotte},
  title     = "{Incorporating XSL Processing Into Database Engines}",
  booktitle = vldb,
  year      = {2002}
}


@Book{Melton00,
   author="J. Melton",
   title="{Understanding the New SQL: A Complete Guide}",
   publisher="Morgan Kaufmann",
   year="2000"
}

@inproceedings{MB02,
  author    = {N. Meratnia and R.A. de By},
  title     = "{Aggregation and Comparison of Trajectories}",
  booktitle = acmgis,
  year      = {2002}
}

@inproceedings{MB95,
  author    = {Giansalvatore Mecca and
               Anthony J. Bonner},
  title     = "{Finite Query Languages for Sequence Databases}",
  booktitle = dbpl,
  year      = {1995}
}



@InProceedings{DLRS09,
  author =   "C. du Mouza and W. Litwin and P. Rigaux and T. Schwarz",
  title =    "{AS-Index: A Structure For String Search Using n-grams and Algebraic Signatures}",
  booktitle =    "Intl. Conf. on Information and Knowledge Management (CIKM)",
  year =         "2009",
 note="Honk-Kong, China"
}



@Article{DLR09,
  author =   "C. du Mouza and W. Litwin and P. Rigaux",
  title =    "{Large-scale Indexing of Spatial Data in Distributed Repositories: the SD-Rtree}",
  journal =    "VLDB Journal",
  year =         "2009",
  volume="18",
  number="4",
  pages = "933-958"
}

@InProceedings{MR04,
  author =   "C. du Mouza and P. Rigaux",
  title =    "{Multi-scale Classification of Moving Objects Trajectories}",
  booktitle =    ssdbm,
  year =         "2004",
 note="Santorin, Greece"
}

@InProceedings{MR04b,
  author =   "C. du Mouza and P. Rigaux",
  title =    "{Mobility Patterns}",
  booktitle =    stdbm,
  year =         "2004",
 note="Toronto, Canada"
}

@Article{MR05,
  author =   "C. du Mouza and P. Rigaux",
  title =    "{Mobility Patterns}",
  journal = "GeoInformatica",
  year =         "2005",
 note="To appear"
}


@inproceedings{MR02,
 author = {C. du Mouza and P. Rigaux},
 title = "{Web architectures for scalable moving object servers}",
 booktitle = acmgis,
 year = {2002},
 pages = {17--22}
 }

@InBook{MuseData,
  author =   {W. B. Hewlett},
   crossref =     {Selfridge97},
   volume="1",
    chapter =      {MuseData: Multipurpose Representation}
}

@inproceedings{MWH02,
  author    = {Yang-Sae Moon and
               Kyu-Young Whang and
               Wook-Shin Han},
  title     = "{General match: a subsequence matching method in time-series
               databases based on generalized windows}",
  booktitle = sigmod,
  year      = {2002},
  pages     = {382-393}
}
          --  N  --



@ARTICLE{Navarro00,
    author = {Gonzalo Navarro and Ricardo Baeza-yates and Erkki Sutinen and Jorma Tarhio},
    title = "{Indexing Methods for Approximate String Matching}",
    journal = "{IEEE Data Engineering Bulletin}",
    year = {2001},
    volume = {24},
    number = {4},
    pages = {19-27}
}
  
@InProceedings{neuma09,
  author =   "L. Abrouk and H. Aud�on and N. Cullot and C.~Davy-Rigaux and Z. Faget and D. Gross-Amblard and H. Lee and P.~Rigaux and A.~Tacaille and E. Gavignet and V.~Thion-Goasdou�",
  title =    "{The \textsc{neuma} Project: Towards On-line Music Score Libraries}",
  booktitle =   "Intl. Workshop on Exploring Musical Information Spaces (WEMIS'09)",
  year =     "2009",
  OPTseries  =   "ISBN: 978-84-692-6082"
}


  @inproceedings{DN00,
    author    = {J. Stephen Downie and
                 Michael Nelson},
    title     = "{Evaluation of a simple and effective music information retrieval
                 method}",
    booktitle = sigir},
    year      = {2000}
    }

@Book{Ne91,
  author =   "M. Nelson",
  title =    "The Data Compression Book",
  publisher =    "M\&T Publishing Inc.",
  year =     "1991"
}

@article{Navarro97,
     AUTHOR = "G. Navarro",
     JOURNAL = "{ACM Computing Surveys}",
     NUMBER =  1,
     TITLE = "{A Guided Tour to Approximate String Matching}",
     VOLUME =  33,
     YEAR =  1997,
   pages= "31-88"
}

@inproceedings{NO04,
  author    = {Giovanna Neve and
               Nicola Orio},
  title     = "{Indexing and Retrieval of Music Documents through Pattern
               Analysis and Data Fusion Techniques}",
  booktitle = ismir,
  year      = {2004},
  pages = "216-223"
}
  
  
          --  O  --


@Book{OROURKE94,
  author =   "J. O'Rourke",
  title =    "{Computational Geometry in $C$}",
  publisher = "Cambridge University Press",
  year =     "1994",
  OPTeditor =    "F. Bancilhon and C. Delobel and P.C. Kanellakis",
  OPTvolume =    "",
  OPTseries =    "",
  OPTaddress =   ", San Mateo, CA",
  OPTedition =   "",
  OPTmonth =     "",
  OPTnote =      ""
}

@Article{Ol92,
  author =   "S.G. Oliver",
  title =    "{et al.} {T}he complete {DNA} sequence of yeast chromosome {III}",
  journal =      "Nature",
  year =     "1992",
  volume =   "357",
  pages =    "38-46"
}

@Article{OW86,
  author =   "Th. Ottmann and D. Wood",
  title =    "{Space-economical Plane Sweep Algorithms}",
  journal =      "Comp. Vision Graphics and Image Processing",
  year =     "1986",
  volume =   "34"
}

@InProceedings{P88,
  author =  "T.C. Przymusinski",
  title =   "On the {S}emantics of {S}tratified {D}eductive
          {D}atabases and {L}ogic {P}rograms",
  booktitle =   "Foundation of Deductives Databases and Logic Programming",
  year =    1988,
  editor =  "J. Minker",
  pages =   "193-216"
}

--  P  --



@article{Prince14,
 author = {Jon B. Prince},
 title = {Contributions of pitch contour, tonality, rhythm, and meter to melodic similarity},
 journal = {Journal of experimental psychology},
 volume = {40},
 number = {6},
 year = {2014},
 pages = {2319-2337}
} 


@article{PLT01,
 author = {Prechelt, Lutz and Typke, Rainer},
 title = {An Interface for Melody Input},
 journal = {ACM Transactions on Computer-Human Interaction (TOCHI)},
 volume = {8},
 number = {2},
 year = {2001},
 pages = {133--149}
} 


@InProceedings{PKR12,
    author = "Pugin, Laurent and Kepper, Johannes and Roland, Perry and Hartwig, Maja and Hankinson, Andrew",
    title = "{Separating Presentation and Content in MEI}",
    year = 2012,
    booktitle = ismir
}

@InBook{Ponce2008,
  author = "Pedro J. Ponce de Leon and Jose M. Inesta and David Rizo",
  year="2008",
  title="Mining Digital Music Score Collections: Melody Extraction and Genre Recognition", 
  booktitle="Pattern Recognition Techniques, Technology and Applications", 
  editor="",
  publisher="Peng-Yeng Yin (Eds), InTech"
}

@article{PPT95,
  author    = {Jan Paredaens and
               Peter Peelman and
               Letizia Tanca},
  title     = "{G-Log: A Graph-Based Query Language}",
  journal   = {IEEE Trans. Knowl. Data Eng.},
  volume    = {7},
  number    = {3},
  year      = {1995},
  OPTpages     = {436-453}
}

@InProceedings{PPV02,
  author =   "Y. Papakonstantinou and M. Petropoulos and V. Vassalos",
  title =    "{QURSED: Querying and Reporting Semistructured Data}",
  booktitle =    sigmod,
  year =     "2002"
}


@InProceedings{PD96,
  author =   "J.M. Patel and D. J. DeWitt",
  title =    "{Partition Based Spatial-Merge Join}",
  booktitle =    sigmod,
  year =     "1996",
  pages      =  "259-270"
}

@InProceedings{PJ03,
author = "D. Pfoser and C.S. Jensen",
title = "{Indexing of Network-Constrained Moving Objects}",
booktitle = acmgis,
year = "2003"
}

@InProceedings{PJ99,
          author = "T.B. Pedersen and C.S. Jensen",
          title = "{Multidimensional Data Modeling for Complex Data}",
          booktitle = icde,
          year = 1999}

@inproceedings{PJT00,
  author =       {D. Pfoser and C. S. Jensen and Y. Theodoridis},
  title =        "{Novel Approaches in Query Processing for Moving Objects}",
  booktitle =    vldb,
  year =         2000,
  OPTaddress =      {Cairo, Egypt},
  OPTmonth =        {September 10-14}
}

@inproceedings{PHH92,
  author    = {Hamid Pirahesh and
               Joseph M. Hellerstein and
               Waqar Hasan},
  title     = "{Extensible/Rule Based Query Rewrite Optimization in Starburst}",
  booktitle = sigmod,
  year      = {1992},
  pages     = {39-48}
}

@inproceedings{KLM01,
  author =       "K. Porkaew and I. Lasaridis and S. Mehrotta",
  title =        "{Querying Mobile Objects in Spatio-Temporal Databases}",
  booktitle =    sstd,
  year =         2001,
  OPTaddress =      {Cairo, Egypt},
  OPTmonth =        {September 10-14}
}

@inproceedings{TPS03,
  author =       {Y. Tao and D. Papadias and J. Sun},
  title =        "{The TPR*-Tree: An Optimized Spatio-Temporal Access
                   Method for Predictive Queries}",
  booktitle =    vldb,
  year =         2003,
  address =      {Berlin, Germany}
}

@Article{PLM01,
  author =       "Kriengkrai Porkaew and Iosif Lazaridis and Sharad
                 Mehrotra",
  title =        "Querying Mobile Objects in Spatio-Temporal Databases",
  journal =      "Lecture Notes in Computer Science",
  volume =       "2121",
  pages =        "59--78",
  year =         "2001",
  coden =        "LNCSD9",
  ISSN =         "0302-9743"
}


@inproceedings{LPV00,
  author    = {Bertram Lud{\"a}scher and
               Yannis Papakonstantinou and
               Pavel Velikhov},
  title     = {Navigation-Driven Evaluation of Virtual Mediated Views},
  booktitle = edbt,
  year      = {2000},
  pages     = {150-165}
}
@InProceedings{PRS99,
  author =   "A. Papadopoulos and P. Rigaux and M. Scholl",
  title =    "{A Performance Evaluation of Spatial Join Processing Strategies}",
  booktitle = ssd,
      year =     "1999"
}

@InProceedings{PR95,
  author =   "J.-P. Peloux and P. Rigaux",
  title = "{A Loosely Coupled Interface to an Object-Oriented Geographic Database}",
  booktitle =   " Proc. Intl. Conf. on Spatial Information Theory (COSIT)",
  year =     "1995",
  OPTpages =     "279-288"
}

@inproceedings{PMT99,
  author    = {Dimitris Papadias and Nikos Mamoulis and
               Yannis Theodoridis},
  title     = "{Processing and Optimization of Multi-Way Spatial Joins using
     R-Trees}",
  booktitle = pods,
  year      = {1999}
}

@Article{PMT01,
  author    = {Dimitris Papadias and Nikos Mamoulis and
               Yannis Theodoridis},
  title     = "{Constraint-Based Processing of Multiway Spatial Joins}",
  journal = "Algorithmica",
  year      = {2001},
   volume = 30,
  number = 2
}

@InProceedings{PS99,
  author = "D. Pfoser and C.S. Jensen",
  title = "{Capturing the Uncertainty of Moving-Object Representations}",
  booktitle = ssd,
  pages  = "111-132",
  year = 1999
}

@Book{PS85,
  author =      "F. Preparata and M. Shamos",
  title =       "Computational Geometry: An Introduction",
  publisher =    "Springer Verlag",
  year =         "1985"
}

@misc{ PT00,
  author = "D. Pfoser and Y. Theodoridis",
  title = "Generating Semantics-Based Trajectories of Moving Objects",
  text = "D. Pfoser, and Y. Theodoridis, Generating Semantics-Based Trajectories
    of Moving Objects, International Workshop on Emerging Technologies for Geo-Based
    Applications, Ascona, Switzerland, 2000.",
  year = "2000"
}

@InProceedings{PVV94,
  author =   "J. Paredaens and J. V\mbox{an den Bussche} and
          D. V\mbox{an Gucht}",
  title =    "{Towards a Theory of Spatial Database Queries}",
  booktitle =   "Proc. 13th ACM Symp. on Principles of Database Systems",
  year =     "1994",
  pages =    "279-288"
}

@inproceedings{PVV95,
  author =   "J. Paredaens and J. V\mbox{an den Bussche} and
          D. V\mbox{an Gucht}",
title={First-order queries on finite structures over the reals},
booktitle={Proceedings 10th IEEE Symposium on Logic in Computer Science},
publisher={IEEE Computer Society Press},
year={1995}
}

@InProceedings{PY82,
  author =   "C.H. Papadimitriou and M. Yannakakis",
  title =    "The complexity of facets (and some facets of complexity)",
  booktitle =    "Proc. of the 14th Annual ACM Symposium on Theory of
          Computing",
  year =     "1982",
  address =      "San Francisco"
}

@InProceedings{PY97,
  author =   "C.H. Papadimitriou and M. Yannakakis",
  title =    "On the Complexity of Database Queries.",
  booktitle =     pods,
  year =     1997
}

@Book{Pa94,
  author =   "C. Papadimitriou",
  title =    "Computational Complexity",
  publisher =    "Addison-Wesley",
  year =     "1994"
}


          --  R  --

@article{Rebelo2012,
  title="{Optical music recognition: state-of-the-art and open issues}",
  author={Ana Rebelo and Ichiro Fujinaga and Filipe Paszkiewicz and Andr{\'e} R. S. Marçal and Carlos Guedes and Jaime S. Cardoso},
  journal={International Journal of Multimedia Information Retrieval},
  year={2012},
  volume={1},
  pages={173-190}
}

@article{Rigaux12,
  author    = {Philippe Rigaux and
               Lylia Abrouk and
               H. Aud{\'{e}}on and
               Nadine Cullot and
               C. Davy{-}Rigaux and
               Zo{\'{e}} Faget and
               E. Gavignet and
               David Gross{-}Amblard and
               A. Tacaille and
               Virginie Thion{-}Goasdou{\'{e}}},
  title     = {The design and implementation of Neuma, a collaborative Digital Scores
               Library - Requirements, architecture, and models},
  journal   = {Int. J. on Digital Libraries},
  volume    = {12},
  number    = {2-3},
  pages     = {73--88},
  year      = {2012}
}

@inproceedings{RigauxF10,
  author    = {Philippe Rigaux and
               Zo{\'{e}} Faget},
  title     = {A Database Approach to Symbolic Music Content Management},
  booktitle = {Exploring Music Contents - 7th International Symposium, {CMMR} 2010,
               M{\'{a}}laga, Spain, June 21-24, 2010. Revised Papers},
  pages     = {303--320},
  year      = {2010}
}

@inproceedings{RM06,
    author = "Riley, Jenn and Mayer, Constance A.",
    title = "{Ask a Librarian: The Role of Librarians in the Music Information Retrieval}",
    year = 2006,
    booktitle = ismir
}

        @inproceedings{RNMC08,
            author    = {Dimitris Rafailidis and Alexandros Nanopoulos and Yannis Manolopoulos and Emilios Cambouropoulos },
            title     = "{Detection of Stream Segments in Symbolic Musical Data}",
            booktitle = ismir,
            year      = {2008}
           }

          @inproceedings{RF01,
            author    = {Andreas Rauber and Markus Fruehwirth},
            title     = "{Automatically analyzing and organizing music archives}",
            booktitle = ecdl,
            year      = {2001}
           }


@Article{RM00,
     AUTHOR = {D. Rafiei and A. Mendelzon},
     journal = tkde,
     TITLE = "{Querying Time Series Data Based on Similarity}",
     YEAR =  2000,
     volume=12,
     number=5
}

@InProceedings{RS95,
  author =   "P. Rigaux and M. Scholl",
  title =    "{Multi-scale partitions: Application to
                          Spatial and Statistical Databases}",
  booktitle =    ssd,
  year =         "1995",
  OPTeditor =    "Z. Michalewicz",
  OPTorganization = "LNCS No. 420",
  OPTpublisher =    "Springer-Verlag",
  OPTpages =        "14-29",
  OPTmonth =         "",
  OPTaddress   =     "Charlotte (USA)",
  OPTnote =      ""
}


@TechReport{RS03b,
  author =   "P. Rigaux and N. Spyratos",
  title =    "{Generation and Syndication of Learning Object Metadata}",
  institution =    "Laboratoire de Recherche en Informatique",
  year =         "2003",
  number =        "1371",
  OPTnote="Available at \textit{http://www.lri.fr/$\tilde{\ }$rigaux/DOC/RS03b.pdf}"
}

@InProceedings{RS03,
  author =   "P. Rigaux and N. Spyratos",
  title =    "{Metadata Management and Learning Object Composition in a Self e-Learning Network}",
  booktitle =    "Proc. Intl. Workshop on Information Search,
Integration and Personalisation",
  year =         "2003",
  pages =        "14-29",
  address   =     "Sapporo, Japan",
}

@InProceedings{RS04,
  author =   "P. Rigaux and N. Spyratos",
  title =    "{Metadata Inference for Document Retrieval
           in a Distributed Repository}",
  booktitle =    "ASIAN'04",
  year =         "2004"
}

@Book{RSV2001,
  author =   "P. Rigaux and M. Scholl and A. Voisard",
  title =    "{Spatial Databases}",
  publisher =    "Morgan Kaufmann",
  year =     "2001"
}

@InProceedings{Rigaux04,
  author =   "P. Rigaux",
  title =    "{An iterative rating method: application to web-based conference management}",
  booktitle = "ACM Intl. Conf. on Applied Computing (ACM-SAC)",
  year =     "2004",
  address = "Nicosia, Cyprus"
}

@InProceedings{Ri92,
  author =   "J. Richardson",
  title =    "Supporting Lists in a Data Model (A timely Approach)",
  booktitle =    "Proc. 18th Intl. Conf. on Very Large Databases",
  year =     "1992",
  address =      "Vancouver"
}

@Article{Roussopoulos88,
  author =   "N. Roussopoulos and C. Faloutsos and T. Sellis",
  title =    "{An Efficient Pictorial Database System for PSQL}",
  journal =      "IEEE Transactions on Software Engineering",
  year =     "1988",
  volume =   "14",
  number =   "5",
  pages =    "639-650",
  OPTmonth =     "May",
  OPTnote =      ""
}


                               --  S  --

                               @inproceedings{Sapp05,
                                     author    = {Craig Stuart Sapp},
                                     title     = "{Online Database of Scores in the Humdrum File Format }",
                                     booktitle = ismir,
                                     year      = {2005}
                                    }

@MISC{Stuart_search-effectivenessmeasures,
	author = {Craig Stuart and Yi-Wen Liu and Eleanor Selfridge-Field},
	title = {SEARCH-EFFECTIVENESS MEASURES FOR SYMBOLIC MUSIC QUERIES IN VERY LARGE DATABASES},
	booktitle = ismir,
	year      = {2004}
}
@article{Schedl2014MusicIR,
  title="{Music Information Retrieval: Recent Developments and Applications}",
  author={Markus Schedl and Emilia G{\'o}mez and Juli{\'a}n Urbano},
  journal={Foundations and Trends in Information Retrieval},
  year={2014},
  volume={8},
  pages={127-261}
}

@book{Selfridge97,
  title="{Beyond MIDI : The Handbook of Musical Codes}",
  booktitle="{Beyond MIDI : The Handbook of Musical Codes}",
  editor ="Eleanor Selfridge-Field",
  year="1997",
publisher="Cambridge: The MIT Press"
}

@inproceedings{Silva2016SiMPleAM,
  title="{SiMPle: Assessing Music Similarity Using Subsequences Joins}",
  author={Diego Furtado Silva and Chin-Chia Michael Yeh and Gustavo E. A. P. A. Batista and Eamonn J. Keogh},
  booktitle=ismir,
  year={2016}
}

@inproceedings{SYF05,
                         author    = {Yasushi Sakurai and
                                      Masatoshi Yoshikawa and
                                      Christos Faloutsos},
                         title     = "{FTW: fast similarity search under the time warping distance}",
                         booktitle = pods,
                         year      = {2005},
                         pages     = {326-337}
                        }


@inproceedings{SLR95,
  author    = {Praveen Seshadri and
               Miron Livny and
               Raghu Ramakrishnan},
  title     = "{SEQ: A Model for Sequence Databases}",
  booktitle = icde,
  year      = {1995},
  pages     = {232-239}
}

@Book{Shasha02,
 author = "Dennis Shasha and Philippe Bonnet",
 title = "{ Database Tuning: principles, experiments, and troubleshooting techniques}",
 year = "2002",
  publisher="Morgan- Kaufmann"
}

@Book{Snodgrass99,
 author = "R.T. Snodgrass",
 title = "{Developing Time-Oriented Database Applications in SQL}",
 year = "1999",
  publisher="Morgan- Kaufmann"
}


@inproceedings{ SZZA01,
    author = "Reza Sadri and Carlo Zaniolo
              and Amir M. Zarkesh and Jafar Adibi",
    title = "Optimization of Sequence Queries in Database Systems",
    booktitle = pods,
    year = "2001"
}

@inproceedings{ SZZA01+,
    author = "Reza Sadri and Carlo Zaniolo
              and Amir M. Zarkesh and Jafar Adibi",
    title = "{A Sequential Pattern Query Language for Supporting Instant Data Mining for e-Services}",
    booktitle = vldb,
    year = "2001"
}

@article{SZZA04,
   author = "R. Sadri and C. Zaniolo and A. Zarkesh and J. Adibi",
  title= "{Expressing and optimizing sequence queries in database systems}",
  journal = tods,
  volume = 29,
  number = 2,
  year = 2004
}


@incollection{Segev93,
author = {A. Segev and A. Shoshani},
title = "{A Temporal Data Model Based on Time Sequences}",
crossref = {TCG+93}
}

@inproceedings{SLR94,
  author    = {Praveen Seshadri and
               Miron Livny and
               Raghu Ramakrishnan},
  title     = {Sequence Query Processing},
  booktitle = sigmod,
  publisher = {ACM Press},
  year      = {1994},
  pages     = {430-441}
}


@inproceedings{SLR96,
  author    = {Praveen Seshadri and
               Miron Livny and
               Raghu Ramakrishnan},
  title     = {The Design and Implementation of a Sequence Database System},
  booktitle = vldb,
  publisher = {Morgan Kaufmann},
  year      = {1996},
  pages     = {99-110}
}




@InProceedings{Snodgrass85,
  author =   "R. Snodgrass and I. Ahn",
  title =    "{A Taxonomy of Time in Databases}",
  booktitle =   sigmod,
  year =     1985,
  pages =    "236-246"
}

@Article{SA86,
  author =  "R. Snodgrass and I. Ahn",
  title =   "{Temporal Databases}",
  journal =     "IEEE Computer",
  year =    1986,
  volume = 19,
   number = 9,
   pages = "35-42"
}

@InProceedings{SZL93,
  author =   "B. Subramanian and S. B. Zdonik and T. W. Leung",
  title =    "Ordered Types in the AQUA Data Model",
  booktitle =    "4th Int. Workshop on Database Programming Languages",
  year =     "1993",
  publisher = "Morgan Kaufmann",
  address =      "New-York City",
  month =    "Septembre"
}

@book{Samet2006,
     AUTHOR = {Hanan Samet},
     PUBLISHER = {Morgan Kaufmann},
     TITLE = {Foundations of Multidimensional and Metric Data Structures},
     isbn="9780123694461",
     YEAR =  2006
}

@InProceedings{Scholl89,
  author =   "M. Scholl and A. Voisard",
  title =    "{Thematic Map Modeling}",
  booktitle =    "Proc. Intl. Symp. on Large Spatial Databases (SSD)",
  year =     "1989",
  OPTeditor =    "A. Buchmann and O. G{\"u}nther and T.-R. Smith and
          Y.-F. Wang",
  pages =    "167-192",
  series = "LNCS No. 409",
  publisher = "Springer-Verlag",
  OPTaddress =   "Berlin",
  OPTmonth =     "",
  OPTnote =      ""
}
@INPROCEEDINGS{Seli79,
    AUTHOR = {P.~G.~Selinger and M.~M.~Astrahan and D.~D.~Chamberlin and
              R.~A.~Lorie and T.~G.~Price},
    TITLE = {Access Path Selection in a Relational Database
             Management System},
    BOOKTITLE = SIGMOD,
    YEAR = {1979},
    PAGES = {23-34}
}



@Book{St88,
  author =      "J. A. Storer",
  title =       "Data Compression, methods and theory",
  publisher =    "Computer science Press",
  year =         "1988",
  editor =       "A. V. Aho and J. D. Ullman",
  pages =        "22-50"
}


@proceedings{STDM99,
editor = "C. Jensen and M. Scholl",
title = {Proc. of the VLDB workshop on Spatio-Temporal Database Management},
address = {Edinburgh (Scotland)},
month = {September},
year = {1999}
}

          --  T  --

@INBOOK{Tacaille14,
   title = {Psautiers, Monika et calculs, essai d’analyse mélodique},
   publisher = {PUPS},
   year = {2014},
   author = {Alice Tacaille},
   booktitle = {Nicolas Meeùs: Musica, sive liber amicorum},
   edition = {57th edition}
 } 


@inproceedings{Toussaint04,
   title="A comparison of rhythmic similarity measures",
   author="Godfried Toussaint",
   booktitle=ismir,
   year=2004,
   pages = "242-245"
}


@inproceedings{TGVWO03,
  author = {Typke, Rainer and Giannopoulos, Panos and Veltkamp, Remco C. and Wiering, Frans and van Oostrum, René},
  booktitle = ismir,
  title = {Using transportation distances for measuring melodic similarity.},
  year = 2003
}

@inproceedings{TWV05,
         author = {Rainer Typke and Frans Wiering and Remco C. Veltkamp},
         title = "{A Survey Of Music Information Retrieval Systems}",
         booktitle = ismir,
         year = {2005}
}

                              --  U  --


@InProceedings{U87,
  author =      "J.D. Ullman",
  title =       "Database Theory - {P}ast and {F}uture",
  booktitle =   "Proc. 6th ACM Symp. on Principles of Database Systems",
  year =        1987,
  pages =       "1-10"
}

%Ex Ullman
@InProceedings{Ubell94,
  author =      "M. Ubell",
  title =       "{The Montage Extensible DataBlade Architecture}",
  booktitle =   "Proc. ACM SIGMOD Intl.  Conference on Management of Data",
  year =        1994,
  OPtpages =       "1-10"
}


@Book{Ul88,
  author =  "J.D. Ullman",
  title =   "Database and Knowledge Base Systems",
  publisher =   "Computer Science Press",
  year =    1988
}

@InProceedings{UF98,
  author =      "L.H. Ungar and D.P. Foster",
  title =       "{Clustering Methods for Collaborative Filtering}",
  booktitle =   "Proc. Intl. Workshop on Recommender Systems",
  year =        1998,
  pages =       "1-10"
}


          --  V  --

@article{Velardo2016,
  title={Symbolic Melodic Similarity: State of the Art and Future Challenges},
  author={Valerio Velardo and Mauro Vallati and Steven Jan},
  journal={Computer Music Journal},
  year={2016},
  volume={40},
  pages={70-83}
}

          --  W  --

@misc{Wikipedia,
   key       = "Wikipedia",
   title     = "{Wikipedia, the Free Encyclopedia}",
   year      = {2006},
   howpublished = "Web site",
   note="http://www.wikipedia.org/"

}

@misc{THoTH,
	key = "THoTH",
	title = "THoTH Music Learning Software, v2.5",
	author = "Philip Wheatland",
	note = "http://www.melodicmatch.com/",
	year = "Feb 27, 2015"
}

@misc{MuseScore,
   key       = "MuseScore",
   title     = "{MuseScore}",
   howpublished = "Web site",
   note="https://musescore.org/"
}

@misc{mutopia,
	key = "MuTopia",
	title = "Mutopia",
	author = "Chris Sawer and David Chan",
	note = "\url{http://www.mutopiaproject.org/}",
	year = "march, 2016"
}

@misc{lilypond,
	key = "LilyPond",
	author = "Han-Wen Nienhuys and Jan Nieuwenhuizen and contributors",
	title = "GNU Lilypond",
	note = "http://lilypond.org/",
	year = "march 2016",
}

           @InProceedings{Weyde03,
            author =   "T. Weyde",
            title =    "{On the Influence of Pitch on Melodic Segmentation}",
            booktitle =   ismir,
             year =     "2004"
          }

@InProceedings{Sapp_2005_OnliDataOfScor,
	author = "Sapp, Craig Stuart",
	title = {Online Database of Scores in the Humdrum File Format},
	year = 2005,
	address = "London, UK",
	month = "September 11-15",
	booktitle = "Proceedings of the 6th International Conference on Music Information Retrieval",
	note = {\url{http://ismir2005.ismir.net/proceedings/3123.pdf}}
}

@techreport{WCF98,
  author = "C.A. Wright and L. Curmberland and Y. Feng",
  title= "{A performance comparison between five string pattern matching algorithms}",
  year = 1998,
 note= "http://ocean.st.usm.edu/ � cawright/pattern matching.html"
}

@InProceedings{WL03,
  author =   "J. Wang and F.H. Lochovsky",
  title =    "{Data extraction and label assignment for web databases}",
  booktitle =   www,
  pages= "187-196",
  year =     "2003"
}

@Book{WM99,
  author =       "N. Walsh and Leonard Muellner",
  title =        "{DocBook, the definitive guide}",
  publisher =    "O'Reilly",
  year =         "1999"
}

@inproceedings{WW15,
  author    = {Meimei Wu and
               Yongbin Wang},
  title     = {A feature selection algorithm of music genre classification based
               on ReliefF and {SFS}},
  booktitle = {14th {IEEE/ACIS} International Conference on Computer and Information
               Science, {ICIS} 2015, Las Vegas, NV, USA, June 28 - July 1, 2015},
  pages     = {539--544},
  year      = {2015}
}


@Article{WNC87,
  author =   "I.H. Witten and R. Neal and J.G. Cleary",
  title =    "Arithmetic Coding for Data Compression",
  journal =      "Communication of the ACM",
  year =     "1987",
  volume =   "30",
  number =   "6",
  pages =    "520-540",
  month =    "June"
}

@inproceedings{WYM97,
  author    = {W. Wang and
               J. Yang and
               R. R. Muntz},
  title     = "{STING: A Statistical Information Grid Approach to Spatial
               Data Mining}",
  booktitle = vldb,
  year      = {1997},
  pages     = {186-195}
}


@Book{WW86,
  author =   "K. Wagner and G. Wechsung",
  title =    "Computational Complexity",
  publisher =    "D. Reidel Pub. Co.",
  year =     "1986",
  series =   "Mathematics and its Applications"
}

@Book{Wa89,
  author =   "M.S. Waterman",
  title =    "Mathematical Methods for {DNA} Sequences",
  publisher =    "CRC Press",
  year =     "1989"
}

@Article{We84,
  author =      "T. A. Welch",
  title =       "A Technique for High Performance Data Compression",
  journal =     "Computer",
  year =        "1984",
  volume =      "",
  number =      "",
  pages =       "8-19",
  month =       ""
}

@Article{Whi57,
  author =   {H.~Whitney},
  title =    {Elementary structure of real algebraic varieties.},
  journal =      {Annals of Mathematics},
  year =     1957,
  volume =   66,
  pages =    {545--556}
}

@Book{Wi87,
  author =   "G. Wiederhold",
  title =    "File organization for database design",
  publisher =    "McGraw-Hill, New York",
  year =     "1987"
}

@Article{Wi92,
  author =   "G. Wiederhold",
  title =  "{Mediators in the Architecture or Future Information Systems}",
  journal =      "IEEE Computer",
  volume="25",
  year =     "1992"
}

@InProceedings{Wo93,
  author =   "L. Wong",
  title =    "Normal Form and Conservative Properties for Query
          Languages",
  booktitle =   "Proc. 12th ACM Symp. on Principles of Database Systems",
  year =     "1993"
}

@misc{MNC,
   key       = "W3C",
   title     = "{W3C Music Notation Community Group}",
   year      = {2015},
   howpublished = "https://www.w3.org/community/music-notation/",
   note= "Last accessed Jan. 2016"
}


                       --  X  --

@misc{SemanticWeb,
   key       = "SW",
   title     = "{The Semantic Web Community Portal}",
   year      = {2003},
   howpublished = "Web site",
   note="http://www.semanticweb.org"
}

@misc{XPath,
   key       = "XPath",
   title     = "{The XPath language recommandation (1.0)}",
   year      = {1999},
   howpublished = "World Wide Web Consortium",
   note="http://www.w3.org/TR/xpath"
}
@misc{XQuery,
   key       = "XQuery",
   title     = "{XQuery 3.0: An XML Query Language}",
   year      = {2007},
   howpublished = "World Wide Web Consortium",
   note="https://www.w3.org/TR/xquery-30/"
}

@misc{XMLSchema,
   key       = "XMLSchema",
   title     = "{XML Schema}",
   year      = {2001},
   howpublished = "World Wide Web Consortium",
   note="http://www.w3.org/XML/Schema"
}

@misc{XSLT,
   key       = "XSLT",
   title     = "{The Extensible Stylesheet Language Family (XSL)}",
   year      = {1999},
   howpublished = "World Wide Web Consortium",
   note="http://www.w3.org/Style/XSL"
}

@misc{XPointer,
   key       = "XPointer",
   title     = "{The XML Pointer Language}",
   year      = {2002},
   howpublished = "World Wide Web Consortium",
   note="{http://www.w3c.org/TR/xptr/}"
}


                      --  Y  --
@InBook{Ya90,
  author =   "F.F. Yao",
  title =   "Handbook of Theorical Computer Science",
  chapter =      "7 Computational Geometry",
  publisher =    "J. Van Leeuwen, North Holland",
  year =     "1990",
  pages =    "343-389",
  volume =   "A"
}

@Book{Ya94,
  author =   "Chee K. Yap",
  title =    "Fundamental Problems in Algorithmic Algebra",
  publisher =    "Princeton University Press",
  year =     "1994"
}


@inproceedings{YJF98,
  author    = {Byoung-Kee Yi and
               H. V. Jagadish and
               Christos Faloutsos},
  title     = "{Efficient Retrieval of Similar Time Sequences Under Time Warping}",
  booktitle =  icde,
  year      = "1998",
  pages     = {201-208}
}


--  Z  --

@InProceedings{Za86,
  author =   "C. Zaniolo",
  title =    "Safety and Compilation of Non-Recursive Horn Clauses",
  booktitle =    "Proc. Int. Conf. on Expert Database Systems",
  year =     "1986",
  address =      "Carleston"
}

@Article{Zi92,
  author =      "M. Zipstein",
  title =       "Data compression with factor automata",
  journal =     "Theoretical Computer Science",
  year =        "1992",
  volume =      "",
  number =      "",
  pages =       "213-221",
  month =       ""
}


@inproceedings{ZS03,
  author    = {Yunyue Zhu and
               Dennis Shasha},
  title     = "{Warping Indexes with Envelope Transforms for Query by Humming}",
  booktitle = sigmod,
  year      = {2003},
  pages     = {181-192}
}


@Article{Yao77,
  author =   "S. B. Yao",
  title =    "{Approximating Block Accesses in Data Base Organizations}",
  journal =      "Communication of the ACM",
  year =     "1977",
  volume =   "20",
  number  =      "4"
}



@InProceedings{ZJ01,
  author =   "S. Zhou and C.B. Jones",
  title =    "{Design and Implementation of Multi-Scale Databases}",
  booktitle =    sstd,
  year =         "2001"
}


@InProceedings{ZW07,
        author =   "M. Zhou and M. H. Wong",
         title =    "{Boundary-Based Lower-Bound Functions for Dynamic Time Warping
                       and Their Indexing}",
                         booktitle =    icde,
                         year =         "2007"
                       }



@Manual{yacc,
  title =    "Yacc: Yet Another Compiler Compiler",
  author =   "S. C. Johnson",
  organization = "Bell Labs, Unix Programmer's Manual"
}

@Book{yearinpro,
  author =   {Peter Mayle},
  title =    {A Year in Provence},
  publisher =    {Knopf, New York},
  year =     1990
}


@Manual{jdbc,
  title =    "JDBC Technology",
  author =   "Sun Corp.",
  organization = "http://java.sun.com/products/jdbc/"
}



@Manual{db2xml,
  title     = {DB2 XML Extender},
   author="IBM corp.",
  note = {http://www-306.ibm.com/software/data/db2/extenders/xmlext/index.html}
}


@Manual{sqlservxml,
  title     = {A survey of microsoft sql server 2000 xml features.},
  author="Microsoft Corp.",
  note       = {http://msdn.microsoft.com/library/default.asp?url=/library/en-us/dnexxml/html/xml07162001.asp}
}

@Manual{oraxml,
  title     = "{XML, XSLT and Oracle8i.}",
  author="Oracle Corp",
  note    = {http://technet.oracle.com/tech/xml/xsql\_servlet/},
}


@inproceedings{CKSSS00,
  author    = {Michael J. Carey and
               Jerry Kiernan and
               Jayavel Shanmugasundaram and
               Eugene J. Shekita and
               Subbu N. Subramanian},
  title     = "{XPERANTO: Middleware for Publishing Object-Relational Data
               as XML Documents}",
  booktitle = vldb,
  year      = {2000},
  pages     = {646-648}
}

 @interproceedings{DFFLS99,
    author={A. Deutsch and
            M. Fernandez and
            D. Florescu and
            A. Levy and
            D. Suciu},
    title = {XML-QL: A Query Langage for XML},
    booktitle = {Proc. of the  Intl. World Wide Web Conference},
    year = {1999}
 }

@MISC{OMGMDA,
  key ="OMGMDA",
  title =        "{Model Driven Architecture}",
  OPTyear =         "1999",
  note =       "http://www.omg.org/mda/"
}

@MISC{OMGUML,
  key ="OMGUML",
  title =    "{UML 2.0 Infrastructure \& Superstructure}",
  OPTyear =         "1999",
  note =       "http://www.omg.org/uml/"
}


@article{ACD02,
author = {Sanjay Agrawal and Surajit Chaudhuri and Gautam Das},
title = "{DBXplorer: A System for Keyword-Based Search over Relational Databases}",
journal = icde,
OPTisbn = {0-7695-1531-2},
year=2002,
OPTpages = {0005},
OPTdoi = {http://doi.ieeecomputersociety.org/10.1109/ICDE.2002.994693},
OPTpublisher = {IEEE Computer Society},
OTPaddress = {Los Alamitos, CA, USA}
}

@inproceedings{BNHCS02,
    author = "Gaurav Bhalotia and Charuta Nakhe and Arvind Hulgeri and Soumen Chakrabarti and S. Sudarshan",
    title = "{Keyword Searching and Browsing in databases using BANKS}",
    booktitle = icde,
    year = "2002",
    OPTurl = "citeseer.ist.psu.edu/bhalotia02keyword.html"
}


@InProceedings{HP02,
  author = "V. Hristidis and Y. Papakonstantinou",
  title = "{DISCOVER: Keyword Search in Relational Databases}",
   booktitle=vldb,
  year = "2002",
  OPTurl = "citeseer.ist.psu.edu/article/hristidis02discover.html"
}

@article{Z77,
  author    = {Mosh{\'e} M. Zloof},
  title     = {Query-by-Example: A Data Base Language.},
  journal   = {IBM Systems Journal},
  volume    = {16},
  number    = {4},
  year      = {1977},
  pages     = {324-343},
  bibsource = {DBLP, http://dblp.uni-trier.de}
}

@Manual{MOA,
  title     = {Microsoft Office Access},
   author="Microsoft corp.",
  note = {http://office.microsoft.com/fr-fr/access/default.aspx}
}

@article{M86,
 author = {A.Motro},
 title = "{BAROQUE: a browser for relational databases}",
 journal = {ACM Trans. Inf. Syst.},
 volume = {4},
 number = {2},
 year = {1986},
 OPTissn = {1046-8188},
 pages = {164--181},
 OPTdoi = {http://doi.acm.org.gate6.inist.fr/10.1145/6168.6172},
 OPTpublisher = {ACM Press},
 OPTaddress = {New York, NY, USA},
 }


@inproceedings{AAF+05,
  author    = {Maristella Agosti and
               Hanne Albrechtsen and
               Nicola Ferro and
               Ingo Frommholz and
               Preben Hansen and
               Nicola Orio and
               Emanuele Panizzi and
               Annelise Mark Pejtersen and
               Ulrich Thiel},
  title     = {DiLAS: a Digital Library Annotation Service},
  booktitle = {IWAC},
  year      = {2005},
  pages     = {91-101},
  crossref  = {DBLP:conf/iwac/2005},
  bibsource = {DBLP, http://dblp.uni-trier.de}
}
@proceedings{DBLP:conf/iwac/2005,
  editor    = {Jean-Fran\c{c}ois Boujut},
  title     = {Proceedings of the International Workshop on Annotation
               for Collaboration - Methods, Tools and Practices, La Sorbonne,
               Paris, France, 2005, November 23-24},
  booktitle = {IWAC},
  publisher = {CNRS - Programme soci{\'e}t{\'e} de l'information},
  year      = {2005},
  bibsource = {DBLP, http://dblp.uni-trier.de}
}

@inproceedings{KBD+01,
  author    = {J{\"u}rgen Keiper and
               Holger Brocks and
               Andrea Dirsch-Weigand and
               Adelheit Stein and
               Ulrich Thiel},
  title     = {COLLATE - A Web-Based Collaboratory for Content-Based Access
               to and Work with Digitized Cultural Material},
  booktitle = {ICHIM (1)},
  year      = {2001},
  pages     = {495-511},
  bibsource = {DBLP, http://dblp.uni-trier.de}
}

@inproceedings{AF04,
  author    = {Maristella Agosti and
               Nicola Ferro},
  title     = {A System Architecture as a Support to a Flexible Annotation
               Service},
  booktitle = {DELOS Workshop: Digital Library Architectures - LNCS Volume},
  year      = {2004},
  pages     = {147-166},
  ee        = {http://dx.doi.org/10.1007/11549819_10},
  crossref  = {DBLP:conf/delos/2004lncs},
  bibsource = {DBLP, http://dblp.uni-trier.de}
}

@proceedings{DBLP:conf/delos/2004lncs,
  editor    = {Can T{\"u}rker and
               Maristella Agosti and
               Hans-J{\"o}rg Schek},
  title     = {Peer-to-Peer, Grid, and Service-Orientation in Digital Library
               Architectures, 6th Thematic Workshop of the EU Network of
               Excellence DELOS, Cagliari, Italy, June 24-25, 2004, Revised
               Selected Papers},
  booktitle = {DELOS Workshop: Digital Library Architectures - LNCS Volume},
  publisher = {Springer},
  series    = {Lecture Notes in Computer Science},
  volume    = {3664},
  year      = {2005},
  isbn      = {3-540-28711-6},
  bibsource = {DBLP, http://dblp.uni-trier.de}
}

@inproceedings{ABO03,
  author    = {Maristella Agosti and
               Lucio Benfante and
               Nicola Orio},
  title     = {IPSA: A Digital Archive of Herbals to Support Scientific
               Research},
  booktitle = {ICADL},
  year      = {2003},
  pages     = {253-264},
  ee        = {http://springerlink.metapress.com/openurl.asp?genre=article{\&}issn=0302-9743{\&}volume=2911{\&}spage=253},
  crossref  = {DBLP:conf/icadl/2003},
  bibsource = {DBLP, http://dblp.uni-trier.de}
}

@proceedings{DBLP:conf/icadl/2003,
  editor    = {Tengku M. T. Sembok and
               Halimah Badioze Zaman and
               Hsinchun Chen and
               Shalini R. Urs and
               Sung-Hyon Myaeng},
  title     = {Digital Libraries: Technology and Management of Indigenous
               Knowledge for Global Access, 6th International Conference
               on Asian Digital Libraries, ICADL 2003, Kuala Lumpur, Malaysia,
               December 8-12, 2003, Proceedings},
  booktitle = {ICADL},
  publisher = {Springer},
  series    = {Lecture Notes in Computer Science},
  volume    = {2911},
  year      = {2003},
  isbn      = {3-540-20608-6},
  bibsource = {DBLP, http://dblp.uni-trier.de}
  }


@inproceedings{CMN04,
  author    = {Luigi Cinque and
               Alessio Malizia and
               Roberto Navigli},
  title     = {OntoDoc: An Ontology-Based Query System for Digital Libraries},
  booktitle = {ICPR (2)},
  year      = {2004},
  pages     = {671-674},
  ee        = {http://csdl.computer.org/comp/proceedings/icpr/2004/2128/02/212820671abs.htm},
  bibsource = {DBLP, http://dblp.uni-trier.de}
}


@misc{OMRAS,
   key       = "OMRAS",
   title     = "{Online Music Recognition and Searching (OMRAS) project}",
   note	     = "http://www.omras.org"
}

@misc{OMRAS2,
   key       = "OMRAS2",
   title     = "{Ontology-driven Music Retrieval and Annotation Sharing Service (OMRAS2) project}",
   note      = "http://www.omras2.org"
}

@inproceedings{BMS00,
  author    = {Juan Pablo Bello and
               Giuliano Monti and
               Mark B. Sandler},
  title     = {Techniques for Automatic Music Transcription},
  booktitle = ismir,
  year      = {2000},
  ee        = {http://ismir2000.ismir.net/papers/bello_paper.pdf},
}

@inproceedings{Byrd01,
  author    = {Donald Byrd},
  title     = {Music-notation searching and digital libraries},
  booktitle = jcdl,
  year      = {2001},
  pages     = {239-246},
}

@inproceedings{BDS02,
  author    = {Bello, J.P. and Daudet, L. and Sandler, M.B.},
  title     = {Time-Domain Polyphonic Transcription using Self-Generating Databases},
  booktitle = {Proc. of the 112th Convention of the Audio Engineering Society},
  year      = {2002},
}

@inproceedings{AD08a,
  author    = {Anglade, Am�lie and Dixon, Simon},
  title     = {Characterisation of Harmony with Inductive Logic Programming},
  booktitle = ismir,
  year      = {2008},
}

@inproceedings{AD08b,
  author    = {Anglade, Am�lie and Dixon, Simon},
  title     = {Towards Logic-based Representations of Musical Harmony for Classification, Retrieval and Knowledge Discovery},
  booktitle = {MML},
  year      = {2008},
  crossref  = {DBLP:conf/mml/2008},
}
@proceedings{DBLP:conf/mml/2008,
  title     = {International Workshop on Machine Learning and Music (MML2008 held in conjunction with ICML/COLT/UAI 2008), Helsinki, Finland},
  booktitle = {MML},
  year      = {2008}
  }

@book{CouchDB,
 author = "Anderson, J. Chris and Slater, Noah and Lehnardt, Jan",
  title= "{CouchDB: Rough Cuts Version}",
  publisher ="O'Reilly Editions",
  year ="2008"
}

@inproceedings{JFS08,
  author    = {Jacobson, K. and Fields, B. and Sandler, M. },
  title     = {Using Audio Analysis and Network Structure to Identify Communities in On-line Social Networks of Artists},
  booktitle = ismir,
  year      = {2008},
}

@inproceedings{ATV07,
  author    = {Anglade, A. and Tiemann, M. and Vignoli, F. },
  title     = {Virtual communities for creating shared music channels},
  booktitle = ismir,
  year      = {2007},
}
@inproceedings{RASG07,
  author    = {Raimond, Y. and Abdallah, S. and Sandler, M. and Giasson, F. },
  title     = {"The Music Ontology"},
  pages     = {417-422},
  booktitle = ismir,
  year      = {2007},
}

@inproceedings{MNS:2001,
author = {Monsignori,, M. and Nesi,, Paolo and Spinu,, Marius B.},
title = {Watermarking Music Sheets},
booktitle = {Proc. of the Second IEEE Pacific Rim Conference on
Multimedia (PCM)},
year = {2001},
isbn = {3-540-42680-9},
pages = {646--653},
publisher = {Springer-Verlag},
address = {London, UK},
}

@inproceedings{Schmucker:2002,
 author = {Schmucker, Martin},
 editor    = {Wong, Wah Ping},
 title     = {Capacity Improvement of a Blind Symbolic Music Score Watermarking
Technique},
 booktitle = {Security and Watermarking of Multimedia Contents IV.},
 series    = {Proc. of SPIE},
 number    = {4675},
 year      = {2002},
 pages = {206-213},
 adress = {Washington}
}
@inproceedings{SBP:2001,
 author = {Schmucker, Martin and Busch, Christoph and Pant, Anoop},
 editor    = {Wong, Wah Ping},
 title     = {Digital Watermarking for the Protection of Music Scores},
 booktitle = {Security and Watermarking of Multimedia Contents III},
 series    = {Proc. of SPIE},
 number    = {4314},
 year      = {2001},
 pages = {85-95},
 address = {Washington}
}

@InProceedings{SH:2003,
author = {Schmucker, Martin and Yan, Hongning},
title = {{Music Score Watermarking by Clef Modifications}},
booktitle = {Security and Watermarking of Multimedia Contents V., SPIE
Proc.},
pages = {403-412},
year = {2003},
editor = {Delp, Edward J.},
number = {5020},
address={Bellingham}
}

@misc{OWLDL06,
   key       = "OWLDL06",
   author = {Raimond, Y. and Abdallah, S.},
   title     = "{�The timeline ontology,� OWL-DL ontology}",
   note      = "http://purl.org/NET/c4dm/timeline.owl",
   year= 2006
}

@incollection{Shanahan99,
  author    = {Murray Shanahan},
  title     = {The Event Calculus Explained},
  booktitle = {Artificial Intelligence Today},
  year      = {1999},
  pages     = {409-430},
    publisher =    "Springer-Verlag",
  ee        = {http://link.springer.de/link/service/series/0558/bibs/1600/16000409.htm},
  bibsource = {DBLP, http://dblp.uni-trier.de}
}


@InProceedings{TCL+07,
author = {Troncy, R. and Celma, O.and Little, S. and Gracia, R. and Tsinaraki, C.},
title = {MPEG-7 based Multimedia Ontologies: Interoperabity Support or Interoperability Issue?},
booktitle = {Proc. of the 1st Worshop on Multimedia Annotation and Retrieval enabled by shared Ontologies (MAReSO'07) in conjunction with SAMT'07},
pages = {2-14},
year = {2007}
}

@article{FLM+06,
  author    = {Alfio Ferrara and
               Luca A. Ludovico and
               Stefano Montanelli and
               Silvana Castano and
               Goffredo Haus},
  title     = {A Semantic Web ontology for context-based classification
               and retrieval of music resources},
  journal   = {TOMCCAP},
  volume    = {2},
  number    = {3},
  year      = {2006},
  pages     = {177-198},
  ee        = {http://doi.acm.org/10.1145/1152149.1152151},
  bibsource = {DBLP, http://dblp.uni-trier.de}
}

@article{JJ70,
  author    = {Karen Sparck Jones and
               David M. Jackson},
  title     = {The use of automatically-obtained keyword classifications
               for information retrieval},
  journal   = {Information Storage and Retrieval},
  volume    = {5},
  number    = {4},
  year      = {1970},
  pages     = {175-201},
  ee        = {http://dx.doi.org/10.1016/0020-0271(70)90046-X},
  bibsource = {DBLP, http://dblp.uni-trier.de}
}

@inproceedings{Dovey01,
  author    = {Matthew J. Dovey},
  title     = {Adding content-based searching to a traditional music library
               catalogue server},
  booktitle = jcdl,
  year      = {2001},
  pages     = {249-250},
  ee        = {http://doi.acm.org/10.1145/379437.379667},
}

@article{Wiederhold92,
  author    = {Gio Wiederhold},
  title     = {Mediators in the Architecture of Future Information Systems},
  journal   = {IEEE Computer},
  volume    = {25},
  number    = {3},
  year      = {1992},
  pages     = {38-49},
  bibsource = {DBLP, http://dblp.uni-trier.de}
}

@inproceedings{LRO96,
  author    = {Alon Y. Levy and
               Anand Rajaraman and
               Joann J. Ordille},
  title     = {Query-Answering Algorithms for Information Agents},
  booktitle = {AAAI/IAAI, Vol. 1},
  year      = {1996},
  pages     = {40-47},
  bibsource = {DBLP, http://dblp.uni-trier.de}
}

@article{RB01,
  author    = {Erhard Rahm and
               Philip A. Bernstein},
  title     = {A survey of approaches to automatic schema matching},
  journal   = {VLDB J.},
  volume    = {10},
  number    = {4},
  year      = {2001},
  pages     = {334-350},
  ee        = {http://link.springer.de/link/service/journals/00778/bibs/1010004/10100334.htm},
  bibsource = {DBLP, http://dblp.uni-trier.de}
}

@inproceedings{CGH+94,
  author    = {Sudarshan S. Chawathe and
               Hector Garcia-Molina and
               Joachim Hammer and
               Kelly Ireland and
               Yannis Papakonstantinou and
               Jeffrey D. Ullman and
               Jennifer Widom},
  title     = {The TSIMMIS Project: Integration of Heterogeneous Information
               Sources},
  booktitle = {IPSJ},
  year      = {1994},
  pages     = {7-18},
  bibsource = {DBLP, http://dblp.uni-trier.de}
}

@article{GLR00,
  author    = {Fran\c{c}ois Goasdou{\'e} and
               V{\'e}ronique Latt{\`e}s and
               Marie-Christine Rousset},
  title     = {The Use of CARIN Language and Algorithms for Information
               Integration: The PICSEL System},
  journal   = {Int. J. Cooperative Inf. Syst.},
  volume    = {9},
  number    = {4},
  year      = {2000},
  pages     = {383-401},
  ee        = {http://www.worldscinet.com/journals/ijcis/09/0904/S0218843000000181.html},
  bibsource = {DBLP, http://dblp.uni-trier.de}
}

@inproceedings{fober12,
title = {SCORES LEVEL COMPOSITION BASED ON THE GUIDO MUSIC NOTATION},
author = {Dominique Fober and Yann Orlarey and St{\'e}phane Letz},
editor = {ICMA},
year = {2012},
date = {2012-09-13},
booktitle = {Proceedings of the International Computer Music Conference},
pages = {383-386},
}

@inproceedings{fober13,
  TITLE = {{Programming Interactive Music Scores with INScore}},
  AUTHOR = {Fober, Dominique and Letz, St{\'e}phane and Orlarey, Yann and Bevilacqua, Fr{\'e}d{\'e}ric},
  BOOKTITLE = {{Sound and Music Computing}},
  ADDRESS = {Stockholm, Sweden},
  PAGES = {185-190},
  YEAR = {2013},
  MONTH = Jul,
  KEYWORDS = {interaction ; synchronization ; music ; score ; graphic ; programming},
  PDF = {https://hal.archives-ouvertes.fr/hal-00851956/file/fober-smc2013-final.pdf},
  HAL_ID = {hal-00851956},
  HAL_VERSION = {v1},
}

@inproceedings{quick13,
 author = {Quick, Donya and Hudak, Paul},
 title = {Grammar-based automated music composition in Haskell},
 booktitle = {ACM SIGPLAN workshop on Functional art, music, modeling and design},
 series = {FARM'13},
 year = {2013},
 isbn = {978-1-4503-2386-4},
 location = {Boston, Massachusetts, USA},
 pages = {59--70}
} 




@article{BCF+09,
 author = {Batini, Carlo and Cappiello, Cinzia and Francalanci, Chiara and Maurino, Andrea},
 title = {Methodologies for Data Quality Assessment and Improvement},
 journal = {ACM Comput. Surv.},
 issue_date = {July 2009},
 volume = {41},
 number = {3},
 month = jul,
 year = {2009},
 issn = {0360-0300},
 pages = {16:1--16:52},
 articleno = {16},
 numpages = {52},
 url = {http://doi.acm.org/10.1145/1541880.1541883},
 doi = {10.1145/1541880.1541883},
 acmid = {1541883},
 publisher = {ACM},
 address = {New York, NY, USA},
 keywords = {Data quality, data quality assessment, data quality improvement, data quality measurement, information system, methodology, quality dimension},
}


@Book{Red96,
  author = 	 {Redman, Thomas C.},
  title = 	 {Data Quality for the Information Age},
  publisher = 	 {Artech House Inc.},
  year = 	 1996}




@article{SLW97,
 author = {Strong, Diane M. and Lee, Yang W. and Wang, Richard Y.},
 title = {Data Quality in Context},
 journal = {Commun. ACM},
 issue_date = {May 1997},
 volume = {40},
 number = {5},
 month = may,
 year = {1997},
 issn = {0001-0782},
 pages = {103--110},
 numpages = {8},
 url = {http://doi.acm.org/10.1145/253769.253804},
 doi = {10.1145/253769.253804},
 acmid = {253804},
 publisher = {ACM},
 address = {New York, NY, USA},
} 



@inproceedings{GR02,
 author = {Gil, Yolanda and Ratnakar, Varun},
 title = {Trusting Information Sources One Citizen at a Time},
  booktitle =	 {Proceedings of the International Semantic Web Conference (ISWC)},
 year = {2002},
 isbn = {3-540-43760-6},
 pages = {162--176},
 numpages = {15}
} 


@inproceedings{AZS+13,
  author =	 {Maribel Acosta and Amrapali Zaveri and Elena Simperl
                  and Dimitris Kontokostas and S{\"{o}}ren Auer and
                  Jens Lehmann},
  title =	 {Crowdsourcing Linked Data Quality Assessment},
  booktitle =	 {Proceedings of the International Semantic Web Conference (ISWC)},
  pages =	 {260--276},
  year =	 2013,
}

@article{SKP11,
 author = {Stefanidis, Kostas and Koutrika, Georgia and Pitoura, Evaggelia},
 title = {A Survey on Representation, Composition and Application of Preferences in Database Systems},
 journal = {ACM Trans. Database Syst.},
 issue_date = {August 2011},
 volume = {36},
 number = {3},
 month = aug,
 year = {2011},
 issn = {0362-5915},
 pages = {19:1--19:45},
 articleno = {19},
 numpages = {45},
 url = {http://doi.acm.org/10.1145/2000824.2000829},
 doi = {10.1145/2000824.2000829},
 acmid = {2000829},
 publisher = {ACM},
 address = {New York, NY, USA},
 keywords = {Preference modeling, preference queries},
}

@article{Euterpea13,
	author = {Paul Hudak},
	title = {Euterpea: From Signals to Symphonies},
 	journal = {(STTIC'13) International Summer School on Trends in Computing},
 	year = 2013,
 	note = "Haskell"
}

@book{HaskellHudak
  ,author={Paul Hudak}
  ,title={The Haskell School of Music -- From Signals to Symphonies}
  ,publisher={(Version 2.6)}
  ,year=2015
  ,month={January}
} 

@inproceedings{Faust11,
	author = {Fober, D. and Orlarey, Y. and Letz, S.},
	title = {Faust Architecture Design and Osc Support},
	booktitle =	 dafx,
	year = 2011,
	month = {September},
	address = {Paris, France},
}
@inbook{FaustChapter,
title = {FAUST : an Efficient Functional Approach to DSP Programming},
author = {Yann Orlarey and Dominique Fober and Stephane Letz},
editor = {Editions DELATOUR FRANCE},
url = {faust-chapter.pdf},
year = {2009},
date = {2009-01-01},
booktitle = {NEW COMPUTATIONAL PARADIGMS FOR COMPUTER MUSIC},
pages = {65–96},
abstract = {FAUST is a programming language that provides a purely functional approach to signal processing while offering a high level of performance. FAUST aims at being complementary to existing audio languages by offering a viable and efficient alternative to C/C++ to develop signal processing libraries, audio plug-ins or standalone applications. The language is based on a simple and well defined formal semantics. A FAUST program denotes a signal processor, a mathematical function that transforms input signals into output signals. Being able to know precisely what a program computes is important not only for programmers, but also for compilers needing to generate the best possible code. Moreover these semantics questions are crucial for the long term preservation of music programs. The following paragraphs will give an overview of the language as well as a description of the compiler, including the generation of parallel code.},
keywords = {compiler, dataflow, functional, processing, programming, real-time, signal},
pubstate = {published},
tppubtype = {inbook}
}

@phdthesis{KaiRenzGuido,
	author = {Kai Renz},
	title = {Algorithms and Data Structures for a Music Notation System based on GUIDO Music Notation},
	year = 2013,
	school =   "Univ. Darmstäd, Germany",
}

@inproceedings{GuidoAdvanced,
  author = "Holger H.~Hoos and Keith A.~Hamel and Kai Renz",
  title =  "{U}sing {A}dvanced {GUIDO} as a {N}otation {I}nterchange {F}ormat",
  booktitle = icmc,
  year =  "1999",
  publisher =  "International Computer Music Association (ICMA), San Francisco, CA",
  pages = "395--398"
}

@inproceedings{GuidoMir,
  author    = {Holger H. Hoos and
               Kai Renz and
               Marko G{\"{o}}rg},
  title     = {{GUIDO/MIR} - an Experimental Musical Information Retrieval System
               based on {GUIDO} Music Notation},
  booktitle = ismir,
  pages     = {41--50},
  year      = {2001},
  url       = {http://ismir2001.ismir.net/pdf/hoos.pdf},
  timestamp = {Sat, 05 Aug 2006 21:20:23 +0200},
  biburl    = {http://dblp.uni-trier.de/rec/bib/conf/ismir/Holger01}
}

@inproceedings{janinRealTime,
  TITLE = {{A Lazy Real-Time System Architecture For Interactive Music}},
  AUTHOR = {Janin, David},
  URL = {https://hal.archives-ouvertes.fr/hal-00676202},
  BOOKTITLE = {{JIM 2012}},
  ADDRESS = {Mons, Belgium},
  HAL_LOCAL_REFERENCE = {RR-1460-12},
  EDITOR = {Thierry Dutoit and Todor Todoroff and Nicolas d'Alessandro},
  PAGES = {133-139},
  YEAR = {2012},
  MONTH = {May},
  KEYWORDS = {Real-time interactive architecture Experimental system for interactive music Interactive score},
  PDF = {https://hal.archives-ouvertes.fr/hal-00676202/file/RR-1460-12.pdf},
  HAL_ID = {hal-00676202},
  HAL_VERSION = {v2},
}

@article{janinModelisation,
  TITLE = {{Vers une mod{\'e}lisation combinatoire des structures rythmiques simples de la musique}},
  AUTHOR = {Janin, David},
  URL = {https://hal.archives-ouvertes.fr/hal-00608295},
  NOTE = {Rapport de recherche LaBRI RR-1455-11, 40 pages, juillet 2011, V2 octobre 2011, V3 mai 2012},
  JOURNAL = {{Revue Francophone d'Informatique Musicale}},
  VOLUME = {2},
  PAGES = {http://revues.mshparisnord.org/rfim/index.php?id=222},
  YEAR = {2012},
  MONTH = {Oct},
  KEYWORDS = {contraction et expansion. ; Mod{\'e}lisation rythmique ; anticipation ; prolongation ; contraction et expansion},
  PDF = {https://hal.archives-ouvertes.fr/hal-00608295/file/RR-1455-11.pdf},
  HAL_ID = {hal-00608295},
  HAL_VERSION = {v3},
}

@inproceedings{janinTcalculus,
  TITLE = {{The T-Calculus : towards a structured programing of (musical) time and space}},
  AUTHOR = {Janin, David and Berthaut, Florent and Desainte-Catherine, Myriam and Orlarey, Yann and Salvati, Sylvain},
 booktitle = {Proceedings of the first ACM SIGPLAN workshop on Functional art, music, modeling and design (FARM'13)},
  PAGES = {23-34},
  YEAR = {2013}
}

@article{BalabanMusicStructures,
 ISSN = {01489267, 15315169},
 URL = {http://www.jstor.org/stable/3681334},
 author = {Mira Balaban},
 journal = {Computer Music Journal},
 number = {2},
 pages = {96-111},
 publisher = {The MIT Press},
 title = {The Music Structures Approach to Knowledge Representation for Music Processing},
 volume = {20},
 year = {1996}
}


@article{BCC+11,
  author    = {Laure Berti{-}Equille and
               Isabelle Comyn{-}Wattiau and
               Mireille Cosquer and
               Zoubida Kedad and
               Sylvaine Nugier and
               Ver{\'{o}}nika Peralta and
               Samira Si{-}Said Cherfi and
               Virginie Thion{-}Goasdou{\'{e}}},
  title     = {Assessment and analysis of information quality: a multidimensional
               model and case studies},
  journal   = {{IJIQ}},
  volume    = {2},
  number    = {4},
  pages     = {300--323},
  year      = {2011},
  url       = {http://dx.doi.org/10.1504/IJIQ.2011.043780},
  doi       = {10.1504/IJIQ.2011.043780},
  timestamp = {Sat, 31 Dec 2011 11:17:26 +0100},
  biburl    = {http://dblp.uni-trier.de/rec/bib/journals/ijiq/Berti-EquilleCCKNPCT11},
  bibsource = {dblp computer science bibliography, http://dblp.org}
}
@inproceedings{
	FRT16c,
	title	=	"{Querying XML Score Databases: XQuery is not Enough!}",
	author	=	"R. Fournier-S'niehotta and P. Rigaux and N. Travers",
	booktitle = ismir,
	year	=	2016,
}

@techreport {
	FRT16e,
	title	=	"{Querying XML Score Databases: XQuery is not Enough!}",
	author	=	"R. Fournier-S'niehotta and P. Rigaux and N. Travers",
	number	=	"{CEDRIC-16-3612}",
	institution	=	"{CEDRIC laboratory, CNAM-Paris, France}",
	date	=	{14-03-2016},
	url = "http://cedric.cnam.fr/index.php/publis/article/FRT16c",
	year=2016,
	pages	=	"7"
}

@techreport {
	FRT16d,
	title	=	"{An Algebra for Score Content Manipulation}",
	year=2016,
	author	=	"R. Fournier-S'niehotta and P. Rigaux and N. Travers",
	number	=	"{CEDRIC-16-3616}",
	institution	=	"{CEDRIC laboratory, CNAM-Paris, France}",
	url = "http://cedric.cnam.fr/index.php/publis/article/FRT16d",
	date	=	{21-03-2016},
	pages	=	"7"
}

@article{
	FRT18,
	title	=	"{Modeling Music as Synchronized Time Series: Application to Music Score Collections}",
	author	=	" R. Fournier-S'niehotta and P. Rigaux and N. Travers ",
	journal	=	"Information Systems",
	year	=	2018,
	issue	=	73,
	pages	=	"35--49"
}	


@inproceedings{LazyActiveXML,
  author    = {Serge Abiteboul and
               Omar Benjelloun and
               Bogdan Cautis and
               Ioana Manolescu and
               Tova Milo and
               Nicoleta Preda},
  title     = {Lazy Query Evaluation for Active {XML}},
  booktitle = sigmod,
  pages     = {227--238},
  year      = {2004},
  url       = {http://doi.acm.org/10.1145/1007568.1007596},
  doi       = {10.1145/1007568.1007596}
}

@inproceedings{EH04,
  author    = {Martin J. Eppler and
               Markus Helfert},
  title     = {A Framework For The Classification Of Data Quality Costs And An Analysis
               Of Their Progression},
  booktitle = {Proceedings of the International Conference on Information Quality},
  pages     = {311--325},
  year      = {2004}
}

% and T. Allard and P. Chatalic and G. Gardarin and A. Ghitescu and F. Goasdoue and I. Manolescu and B. Nguyen and M. Ouazara and A. Somani and N. Travers and G. Vasile ",
@inproceedings {
	AAC08a,
	title	=	"{WebContent: Efficient P2P Warehousing of Web Data}",
	author	=	"Abiteboul, Serge and T. Allard and P. Chatalic and G. Gardarin and A. Ghitescu and F. Goasdoue and I. Manolescu and B. Nguyen and M. Ouazara and A. Somani and N. Travers and G. Vasile", 
	booktitle	=	"{VLDB'08 Very Large Data Base}",
	year	=	2008,
	month	=	"August",
	pages	=	"1428-1431",
	doi	=	"http://dx.doi.org/10.1145/1454159.1454191",
}
@inproceedings{Travers2007,
author="Travers, Nicolas and Ngoc, Tuy{\^e}t Tr{\^a}m Dang and Liu, Tianxiao",
title="TGV: A Tree Graph View for Modeling Untyped XQuery",
booktitle="12th International Conference on Database Systems for Advanced Applications (DASFAA)",
year="2007",
publisher="Springer",
pages="1001--1006",
isbn="978-3-540-71703-4",
doi="10.1007/978-3-540-71703-4_92",
url="http://dx.doi.org/10.1007/978-3-540-71703-4_92"
}

@article{MXMLiszt,
author = {Nitin Arora},
title = {MXMLiszt: a preliminary MusicXML digital library platform built on available open‐source technologies},
journal = {OCLC Systems \& Services: International digital library perspectives},
volume = {27},
number = {4},
pages = {298-316},
year = {2011},
doi = {10.1108/10650751111182605},
}


@article{ActiveXML,
  author    = {Serge Abiteboul and
               Omar Benjelloun and
               Tova Milo},
  title     = {The Active {XML} project: an overview},
  journal   = {{VLDB} J.},
  volume    = {17},
  number    = {5},
  pages     = {1019--1040},
  year      = {2008},
  url       = {http://dx.doi.org/10.1007/s00778-007-0049-y},
  doi       = {10.1007/s00778-007-0049-y},
}


@article{ZRMPLA16,
  author    = {Amrapali Zaveri and
               Anisa Rula and
               Andrea Maurino and
               Ricardo Pietrobon and
               Jens Lehmann and
               S{\"{o}}ren Auer},
  title     = {Quality assessment for Linked Data: {A} Survey},
  journal   = {Semantic Web},
  volume    = {7},
  number    = {1},
  pages     = {63--93},
  year      = {2016},
  url       = {http://dx.doi.org/10.3233/SW-150175},
  doi       = {10.3233/SW-150175},
  timestamp = {Mon, 23 Nov 2015 15:26:23 +0100},
  biburl    = {http://dblp.uni-trier.de/rec/bib/journals/semweb/ZaveriRMPLA16},
  bibsource = {dblp computer science bibliography, http://dblp.org}
}

@inproceedings{BBC11,
	author	= {Mohamed-Amine Baazizi and Nicole Bidoit and Dario Colazzo},
	title	= {Efficient Encoding of Temporal XML Documents},
	booktitle= time,
	year	= 2011,
	pages	= {15--22},
	publisher={IEEE Computer Society}
}
@inproceedings{FBF13,
	author	= {Elie Fares and Jean-Paul Bodeveix and Mamoun Filali},
	title	= {Event Algebra for Transition Systems Composition Application to Timed Automata},
	booktitle= time,
	year	= 2013,
	pages	= {125--132},
	publisher={CPS}
}

@techreport{Hitzler12a,
  author = {Hitzler, Pascal and Kr\"{o}tzsch, Markus and Parsia, Bijan and Patel-Schneider, Peter F. and Rudolph, Sebastian},
  day = 27,
  institution = {World Wide Web Consortium},
  month = {December},
  title = {{OWL 2 Web Ontology Language Primer (Second Edition)}},
  type = {{W3C Recommendation}},
  url = {http://www.w3.org/TR/owl2-primer/},
  year = 2012
}

@inproceedings{Horrocks06a,
  author    = {Ian Horrocks and
               Oliver Kutz and
               Ulrike Sattler},
  title     = {{The Even More Irresistible SROIQ}},
  booktitle = {KR},
  year      = {2006},
  pages     = {57-67}
}

@INPROCEEDINGS{Horrocks04aproposal,
    author = {Ian Horrocks and Peter F. Patel-Schneider},
    title = {A Proposal for an OWL Rules Language},
    booktitle = {In Proc. of the Thirteenth International World Wide Web Conference (WWW 2004},
    year = {2004},
    pages = {723--731},
    publisher = {ACM}
}

@article{BernersLee01a,
  added-at = {2007-09-07T17:29:28.000+0200},
  author = {Berners-Lee, Tim and Hendler, James and Lassila, Ora},
  journal = {Scientific American},
  month = May,
  number = 5,
  pages = {34-43},
  title = {{The Semantic Web. A New Form of Web Content that is Meaningful to
	Computers will Unleash a Revolution of New Possibilities}},
  volume = 284,
  year = 2001
}

@article{schluter2014structural,
	title={Structural segmentation with convolutional neural networks},
	author={Schl{\"u}ter, Jan and Ullrich, Karen and Grill, Thomas},
	journal = {Tenth running of the Music Information Retrieval Evaluation eXchange (MIREX)},
	year = 2014
}

@inproceedings{UllrichSG14,
	author    = {Karen Ullrich and Jan Schl{\"{u}}ter and Thomas Grill},
	title     = {Boundary Detection in Music Structure Analysis using Convolutional Neural Networks},
	booktitle = ismir,
	pages     = {417--422},
	year      = {2014},

}
@article{uren2006semantic,
  title={Semantic annotation for knowledge management: Requirements and a survey of the state of the art},
  author={Uren, Victoria and Cimiano, Philipp and Iria, Jos{\'e} and Handschuh, Siegfried and Vargas-Vera, Maria and Motta, Enrico and Ciravegna, Fabio},
  journal={Web Semantics: science, services and agents on the World Wide Web},
  volume={4},
  number={1},
  pages={14--28},
  year={2006},
  publisher={Elsevier}
}
@article{mcguinness2004owl,
  title={OWL web ontology language overview},
  author={McGuinness, Deborah L and Van Harmelen, Frank and others},
  journal={W3C recommendation},
  volume={10},
  number={10},
  pages={2004},
  year={2004}
}
@article{manola2004rdf,
  title={RDF primer},
  author={Manola, Frank and Miller, Eric and McBride, Brian and others},
  journal={W3C recommendation},
  volume={10},
  number={1-107},
  pages={6},
  year={2004}
}
@article{kiryakov2004semantic,
  title={Semantic annotation, indexing, and retrieval},
  author={Kiryakov, Atanas and Popov, Borislav and Terziev, Ivan and Manov, Dimitar and Ognyanoff, Damyan},
  journal={Web Semantics: Science, Services and Agents on the World Wide Web},
  volume={2},
  number={1},
  pages={49--79},
  year={2004},
  publisher={Elsevier}
}
@article{tissaoui2011evonto,
  title={EvOnto-Joint Evolution of Ontologies and Semantic Annotations.},
  author={Tissaoui, Anis and Aussenac-Gilles, Nathalie and Hernandez, Nathalie and Laublet, Philippe},
  journal={KEOD},
  volume={2011},
  pages={226--231},
  year={2011}
}
@article{kiyavitskaya2009cerno,
  title={Cerno: Light-weight tool support for semantic annotation of textual documents},
  author={Kiyavitskaya, Nadzeya and Zeni, Nicola and Cordy, James R and Mich, Luisa and Mylopoulos, John},
  journal={Data \& Knowledge Engineering},
  volume={68},
  number={12},
  pages={1470--1492},
  year={2009},
  publisher={Elsevier}
}



@ONLINE {hurondavid1994,
    author = "Huron, David",
    title  = "The Humdrum Toolkit: Software for Music Research",
    year   = "1994-",
    url    = "http://www.musiccog.ohio-state.edu/Humdrum/"
}
@ONLINE {bigolouis2013-,
    author = "Bigo, Louis",
    title  = "HechaHord",
    year   = "2013-",
    url    = "http://www.lacl.fr/~lbigo/hexachord"
}
@ONLINE {jouvelotpierre2001-,
    author = "Jouvelot, Pierre",
    title  = "Arezzo",
    year   = "2001-",
    url    = "http://cnpmusic.com/plus/arezzo.php"
}
@ONLINE {CAB2013,
    author = "Agon, Carlos;  Gérard Assayag;  Jean Bresson",
    title  = "http://repmus.ircam.fr/openmusic/home",
    year   = "1998 - 2013",
    url    = "http://repmus.ircam.fr/openmusic/home"
}
@ONLINE {solomonlarry1984-2002,
    author = "Solomon, Larry",
    title  = "Music Analysis System",
    year   = "1984-2002",
    url    = "http://solomonsmusic.net/mas.htm"
}

@misc {SD2003,
    author = "Daniel Sleator and Davy Temperley",
    title  = "Melisma Music Analyzer",
    year   = "2001-2003",
    howpublished    = {http://www.link.cs.cmu.edu/music-analysis/},
    urldate = {2017-04-26}
}

@ONLINE {Cuthbert2006,
    author = "Cuthbert, Michael et. al.",
    title  = "Music21",
    year   = "2006-",
    url    = "http://web.mit.edu/music21/doc/index.html"
}
@ONLINE {Tacaille2008,
    author = "Tacaille, Alice",
    title  = "Carnet de Notes",
    year   = "2008-",
    url    = "http://www.psautiers.org/index.php"
}
@ONLINE {Rodinjesse2010,
    author = "Rodin, Jesse",
    title  = "The Josquin Project",
    year   = "2010-",
    url    = "http://josquin.stanford.edu/"
}
@ONLINE {FFV2015,
    author = "Fiala, David; Richard Freedman; Raffaele Viglianti",
    title  = "Citations: The Renaissance Imitation Mass (CRIM)",
    year   = "2015-",
    url    = "http://mith.umd.edu/research/citations-renaissance-imitation-mass/"
}
@ONLINE {FV2014,
    author = "Freedman, Richard; Philippe Vendrix",
    title  = "Lost Voices Project",
    year   = "2012–2014",
    url    = "http://digitalduchemin.org/"
}
@ONLINE {kelleyrobert;leegilliean2012-,
    author = "Kelley, Robert; Gilliean Lee",
    title  = "Ptolemaic. A computer application for music visualization and analysis",
    year   = "2012-"
}
@ONLINE {popleanthony2001-2003,
    author = "Pople, Anthony",
    title  = "Tonalities",
    year   = "2001-2003",
    url    = "https://www.hud.ac.uk/tonalities/"
}
@ARTICLE {thomassenjosephm.1982,
    author  = "Thomassen, Joseph M.",
    title   = "Melodic accent: Experiments and a tentative model",
    journal = "Journal of the Acoustical Society of America",
    year    = "1982",
    volume  = "71",
    number  = "6",
    pages   = "1598-1605"
}
@BOOK {krumhanslcaroll.20001,
    author    = "Krumhansl, Carol L.",
    title     = "Cognitive foundations of musical pitch",
    publisher = "Oxford University Press",
    year      = "20001"
}

@misc {jones2007,
    author = "Jones, David E.",
    title  = "Palestrina",
    year   = "2007"
}

@article {manningEtAl2001,
    author = "Peter M. and Eleanor Selfridge-Field and  Suzel A. Reily and Anthony Pople",
    title  = "Computers and music.",
    journal = "Grove Music Online.",
    publisher= "Oxford University Press",
    note = "\url{http://www.oxfordmusiconline.com/subscriber/article/grove/music/40583}",
    year = 2017
}
%    year   = "Accessed April 2017."



@ONLINE {hurondavid,
    author = "Huron, David",
    title  = "CINT - Humdrum extras",
    year   = "[s.a]",
    url    = "http://extras.humdrum.org/man/cint/"
}
@ONLINE {cuthbertmichael;jürgensenfraukecummingjuliee.2013-,
    author = "Cuthbert, Michael; Frauke Jürgensen; Julie E. Cumming",
    title  = "Electronic Locator of Vertical Interval Successions (ELVIS)",
    year   = "2013-",
    url    = "https://elvisproject.ca/about.html"
}
@PHDTHESIS {ceulemansanneemmanuelle1996a,
    author = "Ceulemans, Anne-Emmanuelle",
    title  = "Une approche rythmique, m\'elodique et harmonique de la polyphonie vers 1500. Les Kyrie de Josquin des Prez",
    school = "Universit\'e Catholique de Louvain",
    year   = "1996"
}
@BOOK {jeppesenknud1992,
    author    = "Jeppesen, Knud",
    title     = "Counterpoint The Polyphonic Vocal Style of the Sixteenth Century",
    publisher = "Dover",
    year      = "1992",
    edition   = "third"
}
@ARTICLE {ceulemansanneemmanuelle1996b,
    author  = "Ceulemans, Anne-Emmanuelle",
    title   = "Les dissonances dans la polyphonie des 15e et 16e si\`ecles : Quelques indications en vue d'une analyse assist\'ee par ordinateur",
    journal = "Musurgia",
    year    = "1996",
    volume  = "III",
    number  = "2",
    pages   = "7-21"
}
@INPROCEEDINGS {SWH2015,
    author    = "Sigler, Andie; Jon Wild; Eliot Handelman",
    title     = "Schematizing the Treatment of Dissonance in 16th-Century Counterpoint",
    booktitle = ismir,
    year      = "2015",
    pages     = "645--651",
}
%    url       = "http://ismir2015.uma.es/articles/153_Paper.pdf"


@article{valencia2011owlpath,
  title={OWLPath: An OWL ontology-guided query editor},
  author={Valencia-Garc{\'\i}a, Rafael and Garc{\'\i}a-S{\'a}nchez, Francisco and Castellanos-Nieves, Dagoberto and others},
  journal={IEEE Transactions on Systems, Man, and Cybernetics-Part A: Systems and Humans},
  volume={41},
  number={1},
  pages={121--136},
  year={2011},
  publisher={IEEE}
}

@article{Wimalasuriya2010a,
  author    = {Daya C. Wimalasuriya and
               Dejing Dou},
  title     = {Ontology-based information extraction: An introduction and a survey
               of current approaches},
  journal   = {J. Information Science},
  volume    = {36},
  number    = {3},
  pages     = {306--323},
  year      = {2010},
  timestamp = {Fri, 19 Nov 2010 14:09:11 +0100},
  biburl    = {http://dblp.uni-trier.de/rec/bib/journals/jis/WimalasuriyaD10},
  bibsource = {dblp computer science bibliography, http://dblp.org}
}
%  url       = {http://dx.doi.org/10.1177/0165551509360123},
%  doi       = {10.1177/0165551509360123},



@inproceedings{Vargas-Vera2001a,
  author    = {Maria Vargas{-}Vera and
               Enrico Motta and
               John Domingue and
               Simon Buckingham Shum and
               Mattia Lanzoni},
  title     = "{Knowledge Extraction by Using an Ontology Based Annotation Tool}",
  booktitle = {Proc. of the {K-CAP} 2001 Workshop on Knowledge Markup and Semantic
               Annotation},
  volume    = {99},
  publisher = {CEUR-WS.org},
  year      = {2001}
}
%  editor    = {Siegfried Handschuh and               Rose Dieng and               Steffen Staab},
%  series    = {{CEUR} Workshop Proceedings},


@misc{Horrocks2004,
  author = {Horrocks, Ian and Patel-Schneider, Peter F. and Boley, Harold and Tabet, Said and Grosofand, Benjamin and Dean, Mike},
  howpublished = {W3C Member Submission},
  organization = {W3C},
  title = {{SWRL}: A Semantic Web Rule Language Combining {OWL} and {RuleML}},
  url = {http://www.w3.org/Submission/SWRL/},
  year = 2004
}


@inproceedings{pan2006semantic,
  title={Semantic import: An approach for partial ontology reuse},
  author={Pan, Jeff Z and Serafini, Luciano and Zhao, Yuting},
  booktitle={Proc. of Int. Conf. on Modular Ontologies-Volume 232},
  pages={71--84},
  year={2006},
  organization={CEUR-WS. org}
}


@misc{prud2006sparql,
  author = {Prud'hommeaux, Eric and Seaborne, Andy},
  howpublished = {W3C Recommendation},
  url = {http://www.w3.org/TR/rdf-sparql-query/},
  year = 2008
}


@article{faye2012survey,
  title={A survey of RDF storage approaches},
  author={Faye, David C and Cur{\'e}, Olivier and Blin, Guillaume},
  journal={Arima Journal},
  volume={15},
  pages={11--35},
  year={2012}
}

@inproceedings{Achichi15a,
  author    = {Manel Achichi and
               Rodolphe Bailly and
               Cecile Cecconi and
               Marie Destandau and
               Konstantin Todorov and
               Rapha{\"{e}}l Troncy},
  title     = {{DOREMUS:} Doing Reusable Musical Data},
  booktitle = {International Semantic Web Conference},
  volume    = {1486},
  publisher = {CEUR-WS.org},
  year      = {2015}
}
%  series    = {{CEUR} Workshop Proceedings},

@techreport{sanderson2017web,
  title={Web annotation data model},
  author={Sanderson, Robert and Ciccarese, Paolo and Young, Benjamin},
  year={2017},
  institution={Technical report, W3C Recommendation, 23 February}
}

@misc{sanderson2015web,
  title={Web annotation protocol},
  author={Sanderson, R and Ciccarese, P and Young, B},
  year={2015}
}

@techreport{Laurson96Patchwork,
	Address = {Helsinki},
	Author = {Laurson, Mikael},
	Date-Added = {2017-12-12 10:43:45 +0000},
	Date-Modified = {2017-12-12 10:43:45 +0000},
	Institution = {Sibelius Academy},
	Title = {PATCHWORK: A Visual Programming Language and some Musical Applications},
	Year = {1996}}
	
@book{Mazzola12topos,
  title={The topos of music: geometric logic of concepts, theory, and performance},
  author={Mazzola, Guerino},
  year={2012},
  publisher={Birkh{\"a}user}
}

@inproceedings{Agon94Kant,
	Author = {Agon, Carlos and Assayag, G{\'e}rard and Fineberg, Joshua and Rueda, Camilo},
	Booktitle = {International Computer Music Conference Proceedings (ICMC)},
	Date-Added = {2017-12-12 10:39:06 +0000},
	Date-Modified = {2017-12-12 10:39:06 +0000},
	Pages = {52-59},
	Title = {Kant: a Critique of Pure Quantification},
	Url = {http://hdl.handle.net/2027/spo.bbp2372.1994.015},
	Year = {1994}
}

@inproceedings{Agon02RRR,
	Abstract = {We propose a format and a set of tools in the rendering ofcomputer musical notation. The proposed format is not tobe considered as a universal standard. Nevertheless, it appearsto be an efficient approach to musical notation. Theproposed format might be thought as a contribution to futureor existing implementations of musical editors. We willtry to provide general guidelines and schemes that will becompatible with any type of programming language. This protocol has been implemented in the OpenMusic environmentusing the CLOS language environment. This paper isan a posteriori generalization of this implementation.},
	Acmid = {885321},
	Address = {Los Alamitos},
	Author = {Agon, Carlos and Haddad, Karim and Assayag, G{\'e}rardrard},
	Booktitle = {Proceedings Second International Conference on WEB Delivering of Music (CW'02)},
	Date-Added = {2017-12-12 10:38:39 +0000},
	Date-Modified = {2017-12-12 10:38:39 +0000},
	Editor = {Busch and Arnold and Nesi and Schmucker},
	Isbn = {0-7695-1862-1},
	Pages = {109--113},
	Publisher = {IEEE Computer Society},
	Title = {Representation and Rendering of Rhythm Structures},
	Url = {http://dl.acm.org/citation.cfm?id=794192.885321},
	Year = {2002}
}

@article{Cambouropoulos08voicestream,
	Author = {Cambouropoulos, Emilios},
	Date-Added = {2017-12-21 14:35:15 +0000},
	Date-Modified = {2017-12-21 14:35:29 +0000},
	Journal = {Music Perception: An Interdisciplinary Journal},
	Number = {1},
	Pages = {75--94},
	Publisher = {University of California Press Journals},
	Title = {Voice and stream: Perceptual and computational modeling of voice separation},
	Volume = {26},
	Year = {2008}
}


@inproceedings{Rafailidis09smc,
	Author = {Rafailidis, Dimitris and Cambouropoulos, Emilios and Manolopoulos, Yannis},
	Booktitle = {Proceedings of the 6th Sound and Music Computing Conference (SMC)},
	Pages = {42--47},
	Title = {Musical voice integration/segregation: Visa revisited},
	Year = {2009}
}


@inproceedings{Karydis07visa,
	Author = {Karydis, Ioannis and Nanopoulos, Alexandros and Papadopoulos, Apostolos N and Cambouropoulos, Emilios},
	Booktitle = {ISMIR},
	Pages = {445--448},
	Title = {VISA: The Voice Integration/Segregation Algorithm},
	Year = {2007}
}

@inproceedings{Rafailidis08ismir,
	Author = {Rafailidis, Dimitrios and Nanopoulos, Alexandros and Manolopoulos, Yannis and Cambouropoulos, Emilios},
	Booktitle = {ISMIR},
	Date-Added = {2017-12-21 14:44:46 +0000},
	Date-Modified = {2017-12-21 14:44:46 +0000},
	Pages = {83--88},
	Title = {Detection of Stream Segments in Symbolic Musical Data},
	Year = {2008}
}

@inproceedings{Pugin14Verovio,
	Author = {Pugin, Laurent and Zitellini, Rodolfo and Roland, Perry},
	Booktitle = {ISMIR},
	Date-Added = {2017-12-21 14:47:50 +0000},
	Date-Modified = {2017-12-21 14:47:59 +0000},
	Pages = {107--112},
	Title = {Verovio: A library for Engraving MEI Music Notation into SVG},
	Year = {2014},
	URL = {http://verovio.org}
}


@inproceedings{Cuthbert10music21,
	Author = {Cuthbert, Michael Scott and Ariza, Christopher},
	Booktitle = {ISMIR},
	Publisher = {International Society for Music Information Retrieval},
	Title = {music21: A toolkit for computer-aided musicology and symbolic music data},
	Year = {2010}
}

@inbook {
	Tra12,
	title	=	"{Web Data Management}",
	chapter	=	"{Putting into Practice: Full-Text Indexing with LUCENE}",
	author	=	"Nicolas Travers",
	year	=	2012,
	publisher	=	"Cambridge University Press",
	pages	=	"355--363",
	isbn	=	"9781107012431",
}

@inproceedings{Lucene08,
	author = {Zhou, Cailan and Feng, Bin and Li, Zhihao},
	title = {Research and Implementation of the Small-Scale Search Engine Based on Lucene},
	booktitle = {Proceedings of the 2008 International Conference on Computer Science and Software Engineering - Volume 02},
	series = {CSSE '08},
	year = {2008},
	pages = {377--380},
	doi = {10.1109/CSSE.2008.1106},
	publisher = {IEEE Computer Society},
} 



@misc{doc-dsl-ES,
	author = {ElasticSearch},
	year = {2018},
	title = {Advanced scripts using script engines},
	note = {\url{https://www.elastic.co/guide/en/elasticsearch/reference/current/modules-scripting-engine.html}}
}

@book{JLV+01,
 author = {Jarke, Matthias and Lenzerini, Maurizio and Vassiliou, Yannis and Vassiliadis, Panos},
 title = {Fundamentals of Data Warehouses},
 year = {2001},
 isbn = {3540420894},
 edition = {2nd},
 publisher = {Springer-Verlag New York, Inc.},
 address = {Secaucus, NJ, USA},
} 

@INPROCEEDINGS{878178,
	author={Lasse {Bergroth} and Harri {Hakonen} and Timo {Raita}},
	booktitle={Proceedings Seventh International Symposium on String Processing and Information Retrieval. SPIRE 2000},
	title={A survey of longest common subsequence algorithms},
	year={2000},
	volume={},
	number={},
	pages={39-48},
	doi={10.1109/SPIRE.2000.878178},
	ISSN={},
	month={Sep.},}

@article{Maier:1978:CPS:322063.322075,
	author = {Maier, David},
	title = {The Complexity of Some Problems on Subsequences and Supersequences},
	journal = {Journal of ACM},
	issue_date = {April 1978},
	volume = {25},
	number = {2},
	month = apr,
	year = {1978},
	issn = {0004-5411},
	pages = {322--336},
	numpages = {15},
	url = {http://doi.acm.org/10.1145/322063.322075},
	doi = {10.1145/322063.322075},
	acmid = {322075},
	publisher = {ACM},
	address = {New York, NY, USA},
} 
@inproceedings{Klaus18,
	author = {Frieler, Klaus and Höger, Frank and Pfleiderer, Martin and Dixon, Simon},
	year = {2018},
	month = {07},
	pages = {777--783},
	booktitle = ismir,
	title = {Two web applications for exploring melodic patterns in jazz solos}
}